[
  {
    "order_id": 1,
    "client_id": "C14",
    "security_id": "SEC5",
    "quantity": 66,
    "price": 166.67,
    "side": "SELL",
    "timestamp": "2025-12-07T18:46:38.021513"
  },
  {
    "order_id": 2,
    "client_id": "C39",
    "security_id": "SEC4",
    "quantity": 306,
    "price": 245.65,
    "side": "SELL",
    "timestamp": "2025-12-07T18:45:38.021556"
  },
  {
    "order_id": 3,
    "client_id": "C22",
    "security_id": "SEC5",
    "quantity": 428,
    "price": 83.73,
    "side": "SELL",
    "timestamp": "2025-12-07T18:44:38.021573"
  },
  {
    "order_id": 4,
    "client_id": "C10",
    "security_id": "SEC14",
    "quantity": 115,
    "price": 67.29,
    "side": "SELL",
    "timestamp": "2025-12-07T18:43:38.021585"
  },
  {
    "order_id": 5,
    "client_id": "C44",
    "security_id": "SEC19",
    "quantity": 499,
    "price": 160.42,
    "side": "BUY",
    "timestamp": "2025-12-07T18:42:38.021598"
  },
  {
    "order_id": 6,
    "client_id": "C2",
    "security_id": "SEC6",
    "quantity": 475,
    "price": 208.93,
    "side": "SELL",
    "timestamp": "2025-12-07T18:41:38.021612"
  },
  {
    "order_id": 7,
    "client_id": "C8",
    "security_id": "SEC19",
    "quantity": 413,
    "price": 94.64,
    "side": "BUY",
    "timestamp": "2025-12-07T18:40:38.021621"
  },
  {
    "order_id": 8,
    "client_id": "C39",
    "security_id": "SEC5",
    "quantity": 19,
    "price": 242.44,
    "side": "SELL",
    "timestamp": "2025-12-07T18:39:38.021628"
  },
  {
    "order_id": 9,
    "client_id": "C17",
    "security_id": "SEC20",
    "quantity": 184,
    "price": 201.17,
    "side": "BUY",
    "timestamp": "2025-12-07T18:38:38.021635"
  },
  {
    "order_id": 10,
    "client_id": "C47",
    "security_id": "SEC13",
    "quantity": 75,
    "price": 54.42,
    "side": "SELL",
    "timestamp": "2025-12-07T18:37:38.021643"
  },
  {
    "order_id": 11,
    "client_id": "C33",
    "security_id": "SEC16",
    "quantity": 383,
    "price": 149.31,
    "side": "SELL",
    "timestamp": "2025-12-07T18:36:38.021649"
  },
  {
    "order_id": 12,
    "client_id": "C3",
    "security_id": "SEC6",
    "quantity": 328,
    "price": 158.72,
    "side": "BUY",
    "timestamp": "2025-12-07T18:35:38.021659"
  },
  {
    "order_id": 13,
    "client_id": "C11",
    "security_id": "SEC7",
    "quantity": 456,
    "price": 174.46,
    "side": "BUY",
    "timestamp": "2025-12-07T18:34:38.021672"
  },
  {
    "order_id": 14,
    "client_id": "C19",
    "security_id": "SEC6",
    "quantity": 311,
    "price": 171.4,
    "side": "SELL",
    "timestamp": "2025-12-07T18:33:38.021679"
  },
  {
    "order_id": 15,
    "client_id": "C17",
    "security_id": "SEC19",
    "quantity": 372,
    "price": 78.95,
    "side": "SELL",
    "timestamp": "2025-12-07T18:32:38.021686"
  },
  {
    "order_id": 16,
    "client_id": "C19",
    "security_id": "SEC15",
    "quantity": 295,
    "price": 193.89,
    "side": "BUY",
    "timestamp": "2025-12-07T18:31:38.021693"
  },
  {
    "order_id": 17,
    "client_id": "C10",
    "security_id": "SEC13",
    "quantity": 442,
    "price": 213.06,
    "side": "SELL",
    "timestamp": "2025-12-07T18:30:38.021699"
  },
  {
    "order_id": 18,
    "client_id": "C40",
    "security_id": "SEC8",
    "quantity": 73,
    "price": 146.24,
    "side": "BUY",
    "timestamp": "2025-12-07T18:29:38.021707"
  },
  {
    "order_id": 19,
    "client_id": "C43",
    "security_id": "SEC20",
    "quantity": 119,
    "price": 120.54,
    "side": "SELL",
    "timestamp": "2025-12-07T18:28:38.021715"
  },
  {
    "order_id": 20,
    "client_id": "C4",
    "security_id": "SEC17",
    "quantity": 256,
    "price": 222.64,
    "side": "SELL",
    "timestamp": "2025-12-07T18:27:38.021722"
  },
  {
    "order_id": 21,
    "client_id": "C45",
    "security_id": "SEC5",
    "quantity": 13,
    "price": 177.58,
    "side": "BUY",
    "timestamp": "2025-12-07T18:26:38.021729"
  },
  {
    "order_id": 22,
    "client_id": "C9",
    "security_id": "SEC13",
    "quantity": 266,
    "price": 173.32,
    "side": "BUY",
    "timestamp": "2025-12-07T18:25:38.021742"
  },
  {
    "order_id": 23,
    "client_id": "C31",
    "security_id": "SEC16",
    "quantity": 100,
    "price": 104.33,
    "side": "BUY",
    "timestamp": "2025-12-07T18:24:38.021749"
  },
  {
    "order_id": 24,
    "client_id": "C48",
    "security_id": "SEC12",
    "quantity": 240,
    "price": 117.32,
    "side": "BUY",
    "timestamp": "2025-12-07T18:23:38.021756"
  },
  {
    "order_id": 25,
    "client_id": "C5",
    "security_id": "SEC5",
    "quantity": 21,
    "price": 169.04,
    "side": "BUY",
    "timestamp": "2025-12-07T18:22:38.021763"
  },
  {
    "order_id": 26,
    "client_id": "C17",
    "security_id": "SEC14",
    "quantity": 87,
    "price": 79.73,
    "side": "BUY",
    "timestamp": "2025-12-07T18:21:38.021770"
  },
  {
    "order_id": 27,
    "client_id": "C1",
    "security_id": "SEC5",
    "quantity": 341,
    "price": 120.28,
    "side": "BUY",
    "timestamp": "2025-12-07T18:20:38.021777"
  },
  {
    "order_id": 28,
    "client_id": "C40",
    "security_id": "SEC12",
    "quantity": 459,
    "price": 144.89,
    "side": "BUY",
    "timestamp": "2025-12-07T18:19:38.021784"
  },
  {
    "order_id": 29,
    "client_id": "C48",
    "security_id": "SEC9",
    "quantity": 38,
    "price": 142.77,
    "side": "SELL",
    "timestamp": "2025-12-07T18:18:38.021790"
  },
  {
    "order_id": 30,
    "client_id": "C27",
    "security_id": "SEC17",
    "quantity": 338,
    "price": 204.04,
    "side": "BUY",
    "timestamp": "2025-12-07T18:17:38.021798"
  },
  {
    "order_id": 31,
    "client_id": "C49",
    "security_id": "SEC20",
    "quantity": 55,
    "price": 53.72,
    "side": "BUY",
    "timestamp": "2025-12-07T18:16:38.021804"
  },
  {
    "order_id": 32,
    "client_id": "C40",
    "security_id": "SEC4",
    "quantity": 453,
    "price": 225.6,
    "side": "SELL",
    "timestamp": "2025-12-07T18:15:38.021811"
  },
  {
    "order_id": 33,
    "client_id": "C28",
    "security_id": "SEC1",
    "quantity": 57,
    "price": 139.43,
    "side": "SELL",
    "timestamp": "2025-12-07T18:14:38.021818"
  },
  {
    "order_id": 34,
    "client_id": "C46",
    "security_id": "SEC2",
    "quantity": 375,
    "price": 160.35,
    "side": "BUY",
    "timestamp": "2025-12-07T18:13:38.021825"
  },
  {
    "order_id": 35,
    "client_id": "C36",
    "security_id": "SEC12",
    "quantity": 450,
    "price": 230.38,
    "side": "BUY",
    "timestamp": "2025-12-07T18:12:38.021832"
  },
  {
    "order_id": 36,
    "client_id": "C42",
    "security_id": "SEC20",
    "quantity": 415,
    "price": 240.94,
    "side": "BUY",
    "timestamp": "2025-12-07T18:11:38.021838"
  },
  {
    "order_id": 37,
    "client_id": "C41",
    "security_id": "SEC6",
    "quantity": 250,
    "price": 132.91,
    "side": "BUY",
    "timestamp": "2025-12-07T18:10:38.021845"
  },
  {
    "order_id": 38,
    "client_id": "C31",
    "security_id": "SEC12",
    "quantity": 135,
    "price": 50.01,
    "side": "BUY",
    "timestamp": "2025-12-07T18:09:38.021852"
  },
  {
    "order_id": 39,
    "client_id": "C20",
    "security_id": "SEC17",
    "quantity": 260,
    "price": 153.23,
    "side": "BUY",
    "timestamp": "2025-12-07T18:08:38.021858"
  },
  {
    "order_id": 40,
    "client_id": "C13",
    "security_id": "SEC20",
    "quantity": 21,
    "price": 162.88,
    "side": "SELL",
    "timestamp": "2025-12-07T18:07:38.021865"
  },
  {
    "order_id": 41,
    "client_id": "C43",
    "security_id": "SEC7",
    "quantity": 185,
    "price": 56.42,
    "side": "SELL",
    "timestamp": "2025-12-07T18:06:38.021871"
  },
  {
    "order_id": 42,
    "client_id": "C14",
    "security_id": "SEC4",
    "quantity": 43,
    "price": 176.78,
    "side": "SELL",
    "timestamp": "2025-12-07T18:05:38.021880"
  },
  {
    "order_id": 43,
    "client_id": "C11",
    "security_id": "SEC13",
    "quantity": 456,
    "price": 137.5,
    "side": "SELL",
    "timestamp": "2025-12-07T18:04:38.021887"
  },
  {
    "order_id": 44,
    "client_id": "C8",
    "security_id": "SEC1",
    "quantity": 103,
    "price": 61.32,
    "side": "SELL",
    "timestamp": "2025-12-07T18:03:38.021894"
  },
  {
    "order_id": 45,
    "client_id": "C6",
    "security_id": "SEC5",
    "quantity": 287,
    "price": 59.59,
    "side": "BUY",
    "timestamp": "2025-12-07T18:02:38.021901"
  },
  {
    "order_id": 46,
    "client_id": "C43",
    "security_id": "SEC1",
    "quantity": 326,
    "price": 158.12,
    "side": "SELL",
    "timestamp": "2025-12-07T18:01:38.021907"
  },
  {
    "order_id": 47,
    "client_id": "C27",
    "security_id": "SEC9",
    "quantity": 21,
    "price": 85.49,
    "side": "SELL",
    "timestamp": "2025-12-07T18:00:38.021914"
  },
  {
    "order_id": 48,
    "client_id": "C5",
    "security_id": "SEC3",
    "quantity": 410,
    "price": 136.38,
    "side": "SELL",
    "timestamp": "2025-12-07T17:59:38.021921"
  },
  {
    "order_id": 49,
    "client_id": "C43",
    "security_id": "SEC8",
    "quantity": 309,
    "price": 81.8,
    "side": "SELL",
    "timestamp": "2025-12-07T17:58:38.021928"
  },
  {
    "order_id": 50,
    "client_id": "C16",
    "security_id": "SEC20",
    "quantity": 310,
    "price": 94.62,
    "side": "SELL",
    "timestamp": "2025-12-07T17:57:38.021934"
  },
  {
    "order_id": 51,
    "client_id": "C33",
    "security_id": "SEC11",
    "quantity": 429,
    "price": 248.83,
    "side": "BUY",
    "timestamp": "2025-12-07T17:56:38.021941"
  },
  {
    "order_id": 52,
    "client_id": "C18",
    "security_id": "SEC18",
    "quantity": 474,
    "price": 180.07,
    "side": "SELL",
    "timestamp": "2025-12-07T17:55:38.021948"
  },
  {
    "order_id": 53,
    "client_id": "C45",
    "security_id": "SEC16",
    "quantity": 224,
    "price": 55.55,
    "side": "SELL",
    "timestamp": "2025-12-07T17:54:38.021955"
  },
  {
    "order_id": 54,
    "client_id": "C4",
    "security_id": "SEC2",
    "quantity": 425,
    "price": 60.64,
    "side": "BUY",
    "timestamp": "2025-12-07T17:53:38.021975"
  },
  {
    "order_id": 55,
    "client_id": "C34",
    "security_id": "SEC14",
    "quantity": 134,
    "price": 145.38,
    "side": "BUY",
    "timestamp": "2025-12-07T17:52:38.021983"
  },
  {
    "order_id": 56,
    "client_id": "C33",
    "security_id": "SEC13",
    "quantity": 251,
    "price": 92.45,
    "side": "BUY",
    "timestamp": "2025-12-07T17:51:38.021990"
  },
  {
    "order_id": 57,
    "client_id": "C49",
    "security_id": "SEC11",
    "quantity": 107,
    "price": 228.05,
    "side": "SELL",
    "timestamp": "2025-12-07T17:50:38.021997"
  },
  {
    "order_id": 58,
    "client_id": "C24",
    "security_id": "SEC11",
    "quantity": 417,
    "price": 214.41,
    "side": "SELL",
    "timestamp": "2025-12-07T17:49:38.022004"
  },
  {
    "order_id": 59,
    "client_id": "C44",
    "security_id": "SEC3",
    "quantity": 14,
    "price": 197.37,
    "side": "SELL",
    "timestamp": "2025-12-07T17:48:38.022010"
  },
  {
    "order_id": 60,
    "client_id": "C18",
    "security_id": "SEC2",
    "quantity": 237,
    "price": 134.26,
    "side": "SELL",
    "timestamp": "2025-12-07T17:47:38.022017"
  },
  {
    "order_id": 61,
    "client_id": "C50",
    "security_id": "SEC12",
    "quantity": 486,
    "price": 183.12,
    "side": "SELL",
    "timestamp": "2025-12-07T17:46:38.022026"
  },
  {
    "order_id": 62,
    "client_id": "C25",
    "security_id": "SEC1",
    "quantity": 400,
    "price": 199.03,
    "side": "SELL",
    "timestamp": "2025-12-07T17:45:38.022033"
  },
  {
    "order_id": 63,
    "client_id": "C37",
    "security_id": "SEC19",
    "quantity": 434,
    "price": 84.32,
    "side": "SELL",
    "timestamp": "2025-12-07T17:44:38.022040"
  },
  {
    "order_id": 64,
    "client_id": "C3",
    "security_id": "SEC11",
    "quantity": 344,
    "price": 176.61,
    "side": "SELL",
    "timestamp": "2025-12-07T17:43:38.022046"
  },
  {
    "order_id": 65,
    "client_id": "C8",
    "security_id": "SEC8",
    "quantity": 317,
    "price": 194.58,
    "side": "SELL",
    "timestamp": "2025-12-07T17:42:38.022053"
  },
  {
    "order_id": 66,
    "client_id": "C41",
    "security_id": "SEC20",
    "quantity": 140,
    "price": 229.93,
    "side": "SELL",
    "timestamp": "2025-12-07T17:41:38.022060"
  },
  {
    "order_id": 67,
    "client_id": "C12",
    "security_id": "SEC8",
    "quantity": 264,
    "price": 117.65,
    "side": "SELL",
    "timestamp": "2025-12-07T17:40:38.022067"
  },
  {
    "order_id": 68,
    "client_id": "C48",
    "security_id": "SEC6",
    "quantity": 318,
    "price": 58.49,
    "side": "BUY",
    "timestamp": "2025-12-07T17:39:38.022076"
  },
  {
    "order_id": 69,
    "client_id": "C34",
    "security_id": "SEC1",
    "quantity": 49,
    "price": 142.57,
    "side": "SELL",
    "timestamp": "2025-12-07T17:38:38.022083"
  },
  {
    "order_id": 70,
    "client_id": "C13",
    "security_id": "SEC7",
    "quantity": 56,
    "price": 164.46,
    "side": "BUY",
    "timestamp": "2025-12-07T17:37:38.022089"
  },
  {
    "order_id": 71,
    "client_id": "C13",
    "security_id": "SEC15",
    "quantity": 465,
    "price": 109.81,
    "side": "SELL",
    "timestamp": "2025-12-07T17:36:38.022096"
  },
  {
    "order_id": 72,
    "client_id": "C10",
    "security_id": "SEC16",
    "quantity": 478,
    "price": 101.47,
    "side": "BUY",
    "timestamp": "2025-12-07T17:35:38.022103"
  },
  {
    "order_id": 73,
    "client_id": "C1",
    "security_id": "SEC15",
    "quantity": 143,
    "price": 243.65,
    "side": "BUY",
    "timestamp": "2025-12-07T17:34:38.022109"
  },
  {
    "order_id": 74,
    "client_id": "C24",
    "security_id": "SEC17",
    "quantity": 64,
    "price": 249.13,
    "side": "SELL",
    "timestamp": "2025-12-07T17:33:38.022116"
  },
  {
    "order_id": 75,
    "client_id": "C46",
    "security_id": "SEC14",
    "quantity": 300,
    "price": 105.13,
    "side": "BUY",
    "timestamp": "2025-12-07T17:32:38.022123"
  },
  {
    "order_id": 76,
    "client_id": "C44",
    "security_id": "SEC17",
    "quantity": 50,
    "price": 221.43,
    "side": "SELL",
    "timestamp": "2025-12-07T17:31:38.022130"
  },
  {
    "order_id": 77,
    "client_id": "C29",
    "security_id": "SEC5",
    "quantity": 241,
    "price": 139.05,
    "side": "SELL",
    "timestamp": "2025-12-07T17:30:38.022136"
  },
  {
    "order_id": 78,
    "client_id": "C21",
    "security_id": "SEC9",
    "quantity": 71,
    "price": 89.91,
    "side": "BUY",
    "timestamp": "2025-12-07T17:29:38.022144"
  },
  {
    "order_id": 79,
    "client_id": "C1",
    "security_id": "SEC20",
    "quantity": 372,
    "price": 231.61,
    "side": "BUY",
    "timestamp": "2025-12-07T17:28:38.022150"
  },
  {
    "order_id": 80,
    "client_id": "C9",
    "security_id": "SEC13",
    "quantity": 347,
    "price": 71.55,
    "side": "SELL",
    "timestamp": "2025-12-07T17:27:38.022158"
  },
  {
    "order_id": 81,
    "client_id": "C45",
    "security_id": "SEC11",
    "quantity": 91,
    "price": 200.1,
    "side": "BUY",
    "timestamp": "2025-12-07T17:26:38.022167"
  },
  {
    "order_id": 82,
    "client_id": "C26",
    "security_id": "SEC3",
    "quantity": 412,
    "price": 230.66,
    "side": "BUY",
    "timestamp": "2025-12-07T17:25:38.022174"
  },
  {
    "order_id": 83,
    "client_id": "C44",
    "security_id": "SEC5",
    "quantity": 212,
    "price": 226.74,
    "side": "SELL",
    "timestamp": "2025-12-07T17:24:38.022181"
  },
  {
    "order_id": 84,
    "client_id": "C8",
    "security_id": "SEC11",
    "quantity": 284,
    "price": 70.76,
    "side": "BUY",
    "timestamp": "2025-12-07T17:23:38.022188"
  },
  {
    "order_id": 85,
    "client_id": "C9",
    "security_id": "SEC9",
    "quantity": 401,
    "price": 152.96,
    "side": "BUY",
    "timestamp": "2025-12-07T17:22:38.022194"
  },
  {
    "order_id": 86,
    "client_id": "C22",
    "security_id": "SEC11",
    "quantity": 108,
    "price": 77.4,
    "side": "SELL",
    "timestamp": "2025-12-07T17:21:38.022201"
  },
  {
    "order_id": 87,
    "client_id": "C3",
    "security_id": "SEC13",
    "quantity": 197,
    "price": 225.62,
    "side": "SELL",
    "timestamp": "2025-12-07T17:20:38.022208"
  },
  {
    "order_id": 88,
    "client_id": "C25",
    "security_id": "SEC1",
    "quantity": 335,
    "price": 167.11,
    "side": "BUY",
    "timestamp": "2025-12-07T17:19:38.022214"
  },
  {
    "order_id": 89,
    "client_id": "C35",
    "security_id": "SEC17",
    "quantity": 278,
    "price": 108.8,
    "side": "BUY",
    "timestamp": "2025-12-07T17:18:38.022221"
  },
  {
    "order_id": 90,
    "client_id": "C3",
    "security_id": "SEC1",
    "quantity": 180,
    "price": 134.53,
    "side": "BUY",
    "timestamp": "2025-12-07T17:17:38.022228"
  },
  {
    "order_id": 91,
    "client_id": "C16",
    "security_id": "SEC7",
    "quantity": 496,
    "price": 228.65,
    "side": "BUY",
    "timestamp": "2025-12-07T17:16:38.022234"
  },
  {
    "order_id": 92,
    "client_id": "C25",
    "security_id": "SEC16",
    "quantity": 467,
    "price": 82.51,
    "side": "BUY",
    "timestamp": "2025-12-07T17:15:38.022241"
  },
  {
    "order_id": 93,
    "client_id": "C42",
    "security_id": "SEC10",
    "quantity": 183,
    "price": 168.97,
    "side": "BUY",
    "timestamp": "2025-12-07T17:14:38.022248"
  },
  {
    "order_id": 94,
    "client_id": "C39",
    "security_id": "SEC13",
    "quantity": 332,
    "price": 185.23,
    "side": "SELL",
    "timestamp": "2025-12-07T17:13:38.022255"
  },
  {
    "order_id": 95,
    "client_id": "C11",
    "security_id": "SEC19",
    "quantity": 188,
    "price": 107.77,
    "side": "SELL",
    "timestamp": "2025-12-07T17:12:38.022261"
  },
  {
    "order_id": 96,
    "client_id": "C39",
    "security_id": "SEC7",
    "quantity": 239,
    "price": 53.59,
    "side": "BUY",
    "timestamp": "2025-12-07T17:11:38.022268"
  },
  {
    "order_id": 97,
    "client_id": "C8",
    "security_id": "SEC10",
    "quantity": 84,
    "price": 210.36,
    "side": "BUY",
    "timestamp": "2025-12-07T17:10:38.022275"
  },
  {
    "order_id": 98,
    "client_id": "C8",
    "security_id": "SEC20",
    "quantity": 130,
    "price": 118.24,
    "side": "BUY",
    "timestamp": "2025-12-07T17:09:38.022284"
  },
  {
    "order_id": 99,
    "client_id": "C44",
    "security_id": "SEC18",
    "quantity": 263,
    "price": 200.64,
    "side": "BUY",
    "timestamp": "2025-12-07T17:08:38.022290"
  },
  {
    "order_id": 100,
    "client_id": "C41",
    "security_id": "SEC9",
    "quantity": 177,
    "price": 157.51,
    "side": "BUY",
    "timestamp": "2025-12-07T17:07:38.022299"
  },
  {
    "order_id": 101,
    "client_id": "C20",
    "security_id": "SEC5",
    "quantity": 349,
    "price": 101.16,
    "side": "SELL",
    "timestamp": "2025-12-07T17:06:38.022306"
  },
  {
    "order_id": 102,
    "client_id": "C35",
    "security_id": "SEC20",
    "quantity": 42,
    "price": 157.7,
    "side": "BUY",
    "timestamp": "2025-12-07T17:05:38.022313"
  },
  {
    "order_id": 103,
    "client_id": "C19",
    "security_id": "SEC7",
    "quantity": 244,
    "price": 90.63,
    "side": "BUY",
    "timestamp": "2025-12-07T17:04:38.022319"
  },
  {
    "order_id": 104,
    "client_id": "C38",
    "security_id": "SEC3",
    "quantity": 101,
    "price": 198.47,
    "side": "BUY",
    "timestamp": "2025-12-07T17:03:38.022326"
  },
  {
    "order_id": 105,
    "client_id": "C19",
    "security_id": "SEC14",
    "quantity": 499,
    "price": 195.19,
    "side": "SELL",
    "timestamp": "2025-12-07T17:02:38.022333"
  },
  {
    "order_id": 106,
    "client_id": "C13",
    "security_id": "SEC5",
    "quantity": 417,
    "price": 125.94,
    "side": "BUY",
    "timestamp": "2025-12-07T17:01:38.022339"
  },
  {
    "order_id": 107,
    "client_id": "C19",
    "security_id": "SEC10",
    "quantity": 17,
    "price": 52.92,
    "side": "BUY",
    "timestamp": "2025-12-07T17:00:38.022346"
  },
  {
    "order_id": 108,
    "client_id": "C22",
    "security_id": "SEC8",
    "quantity": 82,
    "price": 198.44,
    "side": "SELL",
    "timestamp": "2025-12-07T16:59:38.022353"
  },
  {
    "order_id": 109,
    "client_id": "C19",
    "security_id": "SEC4",
    "quantity": 28,
    "price": 177.77,
    "side": "BUY",
    "timestamp": "2025-12-07T16:58:38.022360"
  },
  {
    "order_id": 110,
    "client_id": "C40",
    "security_id": "SEC17",
    "quantity": 229,
    "price": 77.49,
    "side": "BUY",
    "timestamp": "2025-12-07T16:57:38.022367"
  },
  {
    "order_id": 111,
    "client_id": "C31",
    "security_id": "SEC1",
    "quantity": 424,
    "price": 60.13,
    "side": "SELL",
    "timestamp": "2025-12-07T16:56:38.022374"
  },
  {
    "order_id": 112,
    "client_id": "C31",
    "security_id": "SEC8",
    "quantity": 362,
    "price": 108.44,
    "side": "BUY",
    "timestamp": "2025-12-07T16:55:38.022381"
  },
  {
    "order_id": 113,
    "client_id": "C12",
    "security_id": "SEC11",
    "quantity": 127,
    "price": 116.34,
    "side": "BUY",
    "timestamp": "2025-12-07T16:54:38.022387"
  },
  {
    "order_id": 114,
    "client_id": "C38",
    "security_id": "SEC15",
    "quantity": 155,
    "price": 240.61,
    "side": "SELL",
    "timestamp": "2025-12-07T16:53:38.022394"
  },
  {
    "order_id": 115,
    "client_id": "C22",
    "security_id": "SEC12",
    "quantity": 435,
    "price": 239.0,
    "side": "BUY",
    "timestamp": "2025-12-07T16:52:38.022408"
  },
  {
    "order_id": 116,
    "client_id": "C33",
    "security_id": "SEC19",
    "quantity": 182,
    "price": 236.61,
    "side": "SELL",
    "timestamp": "2025-12-07T16:51:38.022416"
  },
  {
    "order_id": 117,
    "client_id": "C40",
    "security_id": "SEC8",
    "quantity": 469,
    "price": 129.42,
    "side": "SELL",
    "timestamp": "2025-12-07T16:50:38.022422"
  },
  {
    "order_id": 118,
    "client_id": "C32",
    "security_id": "SEC3",
    "quantity": 454,
    "price": 239.49,
    "side": "SELL",
    "timestamp": "2025-12-07T16:49:38.022429"
  },
  {
    "order_id": 119,
    "client_id": "C29",
    "security_id": "SEC1",
    "quantity": 233,
    "price": 196.17,
    "side": "SELL",
    "timestamp": "2025-12-07T16:48:38.022436"
  },
  {
    "order_id": 120,
    "client_id": "C6",
    "security_id": "SEC16",
    "quantity": 417,
    "price": 135.91,
    "side": "SELL",
    "timestamp": "2025-12-07T16:47:38.022448"
  },
  {
    "order_id": 121,
    "client_id": "C41",
    "security_id": "SEC8",
    "quantity": 340,
    "price": 58.56,
    "side": "BUY",
    "timestamp": "2025-12-07T16:46:38.022455"
  },
  {
    "order_id": 122,
    "client_id": "C13",
    "security_id": "SEC15",
    "quantity": 366,
    "price": 124.36,
    "side": "BUY",
    "timestamp": "2025-12-07T16:45:38.022463"
  },
  {
    "order_id": 123,
    "client_id": "C2",
    "security_id": "SEC14",
    "quantity": 89,
    "price": 137.49,
    "side": "SELL",
    "timestamp": "2025-12-07T16:44:38.022469"
  },
  {
    "order_id": 124,
    "client_id": "C27",
    "security_id": "SEC2",
    "quantity": 327,
    "price": 226.1,
    "side": "BUY",
    "timestamp": "2025-12-07T16:43:38.022476"
  },
  {
    "order_id": 125,
    "client_id": "C10",
    "security_id": "SEC4",
    "quantity": 465,
    "price": 50.97,
    "side": "SELL",
    "timestamp": "2025-12-07T16:42:38.022483"
  },
  {
    "order_id": 126,
    "client_id": "C46",
    "security_id": "SEC13",
    "quantity": 398,
    "price": 190.9,
    "side": "SELL",
    "timestamp": "2025-12-07T16:41:38.022490"
  },
  {
    "order_id": 127,
    "client_id": "C43",
    "security_id": "SEC14",
    "quantity": 106,
    "price": 113.62,
    "side": "BUY",
    "timestamp": "2025-12-07T16:40:38.022496"
  },
  {
    "order_id": 128,
    "client_id": "C39",
    "security_id": "SEC11",
    "quantity": 470,
    "price": 235.53,
    "side": "BUY",
    "timestamp": "2025-12-07T16:39:38.022503"
  },
  {
    "order_id": 129,
    "client_id": "C19",
    "security_id": "SEC10",
    "quantity": 276,
    "price": 163.96,
    "side": "SELL",
    "timestamp": "2025-12-07T16:38:38.022510"
  },
  {
    "order_id": 130,
    "client_id": "C35",
    "security_id": "SEC6",
    "quantity": 479,
    "price": 206.91,
    "side": "SELL",
    "timestamp": "2025-12-07T16:37:38.022517"
  },
  {
    "order_id": 131,
    "client_id": "C32",
    "security_id": "SEC9",
    "quantity": 27,
    "price": 79.45,
    "side": "SELL",
    "timestamp": "2025-12-07T16:36:38.022524"
  },
  {
    "order_id": 132,
    "client_id": "C48",
    "security_id": "SEC15",
    "quantity": 104,
    "price": 141.9,
    "side": "BUY",
    "timestamp": "2025-12-07T16:35:38.022530"
  },
  {
    "order_id": 133,
    "client_id": "C29",
    "security_id": "SEC19",
    "quantity": 229,
    "price": 225.82,
    "side": "SELL",
    "timestamp": "2025-12-07T16:34:38.022537"
  },
  {
    "order_id": 134,
    "client_id": "C40",
    "security_id": "SEC5",
    "quantity": 286,
    "price": 118.73,
    "side": "BUY",
    "timestamp": "2025-12-07T16:33:38.022548"
  },
  {
    "order_id": 135,
    "client_id": "C33",
    "security_id": "SEC15",
    "quantity": 479,
    "price": 219.4,
    "side": "BUY",
    "timestamp": "2025-12-07T16:32:38.022555"
  },
  {
    "order_id": 136,
    "client_id": "C48",
    "security_id": "SEC12",
    "quantity": 52,
    "price": 90.22,
    "side": "SELL",
    "timestamp": "2025-12-07T16:31:38.022562"
  },
  {
    "order_id": 137,
    "client_id": "C31",
    "security_id": "SEC18",
    "quantity": 312,
    "price": 131.4,
    "side": "SELL",
    "timestamp": "2025-12-07T16:30:38.022568"
  },
  {
    "order_id": 138,
    "client_id": "C22",
    "security_id": "SEC1",
    "quantity": 224,
    "price": 118.68,
    "side": "BUY",
    "timestamp": "2025-12-07T16:29:38.022575"
  },
  {
    "order_id": 139,
    "client_id": "C30",
    "security_id": "SEC19",
    "quantity": 138,
    "price": 246.24,
    "side": "BUY",
    "timestamp": "2025-12-07T16:28:38.022584"
  },
  {
    "order_id": 140,
    "client_id": "C27",
    "security_id": "SEC9",
    "quantity": 348,
    "price": 221.42,
    "side": "BUY",
    "timestamp": "2025-12-07T16:27:38.022590"
  },
  {
    "order_id": 141,
    "client_id": "C4",
    "security_id": "SEC18",
    "quantity": 136,
    "price": 133.2,
    "side": "BUY",
    "timestamp": "2025-12-07T16:26:38.022597"
  },
  {
    "order_id": 142,
    "client_id": "C6",
    "security_id": "SEC9",
    "quantity": 111,
    "price": 122.03,
    "side": "SELL",
    "timestamp": "2025-12-07T16:25:38.022604"
  },
  {
    "order_id": 143,
    "client_id": "C47",
    "security_id": "SEC8",
    "quantity": 193,
    "price": 102.26,
    "side": "BUY",
    "timestamp": "2025-12-07T16:24:38.022610"
  },
  {
    "order_id": 144,
    "client_id": "C9",
    "security_id": "SEC13",
    "quantity": 184,
    "price": 133.3,
    "side": "BUY",
    "timestamp": "2025-12-07T16:23:38.022617"
  },
  {
    "order_id": 145,
    "client_id": "C20",
    "security_id": "SEC18",
    "quantity": 88,
    "price": 215.49,
    "side": "SELL",
    "timestamp": "2025-12-07T16:22:38.022624"
  },
  {
    "order_id": 146,
    "client_id": "C7",
    "security_id": "SEC15",
    "quantity": 299,
    "price": 155.56,
    "side": "SELL",
    "timestamp": "2025-12-07T16:21:38.022631"
  },
  {
    "order_id": 147,
    "client_id": "C49",
    "security_id": "SEC9",
    "quantity": 51,
    "price": 130.11,
    "side": "SELL",
    "timestamp": "2025-12-07T16:20:38.022637"
  },
  {
    "order_id": 148,
    "client_id": "C50",
    "security_id": "SEC13",
    "quantity": 368,
    "price": 82.39,
    "side": "SELL",
    "timestamp": "2025-12-07T16:19:38.022644"
  },
  {
    "order_id": 149,
    "client_id": "C38",
    "security_id": "SEC14",
    "quantity": 377,
    "price": 164.15,
    "side": "SELL",
    "timestamp": "2025-12-07T16:18:38.022651"
  },
  {
    "order_id": 150,
    "client_id": "C26",
    "security_id": "SEC6",
    "quantity": 409,
    "price": 163.16,
    "side": "SELL",
    "timestamp": "2025-12-07T16:17:38.022660"
  },
  {
    "order_id": 151,
    "client_id": "C11",
    "security_id": "SEC19",
    "quantity": 140,
    "price": 138.75,
    "side": "BUY",
    "timestamp": "2025-12-07T16:16:38.022667"
  },
  {
    "order_id": 152,
    "client_id": "C40",
    "security_id": "SEC7",
    "quantity": 106,
    "price": 199.1,
    "side": "SELL",
    "timestamp": "2025-12-07T16:15:38.022674"
  },
  {
    "order_id": 153,
    "client_id": "C8",
    "security_id": "SEC9",
    "quantity": 192,
    "price": 96.64,
    "side": "BUY",
    "timestamp": "2025-12-07T16:14:38.022681"
  },
  {
    "order_id": 154,
    "client_id": "C30",
    "security_id": "SEC12",
    "quantity": 36,
    "price": 66.3,
    "side": "SELL",
    "timestamp": "2025-12-07T16:13:38.022688"
  },
  {
    "order_id": 155,
    "client_id": "C49",
    "security_id": "SEC17",
    "quantity": 217,
    "price": 221.15,
    "side": "BUY",
    "timestamp": "2025-12-07T16:12:38.022694"
  },
  {
    "order_id": 156,
    "client_id": "C2",
    "security_id": "SEC18",
    "quantity": 319,
    "price": 235.14,
    "side": "BUY",
    "timestamp": "2025-12-07T16:11:38.022701"
  },
  {
    "order_id": 157,
    "client_id": "C11",
    "security_id": "SEC16",
    "quantity": 57,
    "price": 75.99,
    "side": "SELL",
    "timestamp": "2025-12-07T16:10:38.022708"
  },
  {
    "order_id": 158,
    "client_id": "C43",
    "security_id": "SEC5",
    "quantity": 462,
    "price": 236.36,
    "side": "SELL",
    "timestamp": "2025-12-07T16:09:38.022714"
  },
  {
    "order_id": 159,
    "client_id": "C10",
    "security_id": "SEC10",
    "quantity": 294,
    "price": 69.65,
    "side": "BUY",
    "timestamp": "2025-12-07T16:08:38.022723"
  },
  {
    "order_id": 160,
    "client_id": "C36",
    "security_id": "SEC20",
    "quantity": 136,
    "price": 205.34,
    "side": "BUY",
    "timestamp": "2025-12-07T16:07:38.022730"
  },
  {
    "order_id": 161,
    "client_id": "C50",
    "security_id": "SEC1",
    "quantity": 419,
    "price": 102.55,
    "side": "BUY",
    "timestamp": "2025-12-07T16:06:38.022738"
  },
  {
    "order_id": 162,
    "client_id": "C26",
    "security_id": "SEC18",
    "quantity": 307,
    "price": 179.5,
    "side": "BUY",
    "timestamp": "2025-12-07T16:05:38.022744"
  },
  {
    "order_id": 163,
    "client_id": "C22",
    "security_id": "SEC15",
    "quantity": 92,
    "price": 135.44,
    "side": "BUY",
    "timestamp": "2025-12-07T16:04:38.022751"
  },
  {
    "order_id": 164,
    "client_id": "C46",
    "security_id": "SEC3",
    "quantity": 90,
    "price": 91.43,
    "side": "BUY",
    "timestamp": "2025-12-07T16:03:38.022758"
  },
  {
    "order_id": 165,
    "client_id": "C5",
    "security_id": "SEC19",
    "quantity": 267,
    "price": 90.35,
    "side": "SELL",
    "timestamp": "2025-12-07T16:02:38.022765"
  },
  {
    "order_id": 166,
    "client_id": "C36",
    "security_id": "SEC1",
    "quantity": 426,
    "price": 231.92,
    "side": "SELL",
    "timestamp": "2025-12-07T16:01:38.022771"
  },
  {
    "order_id": 167,
    "client_id": "C12",
    "security_id": "SEC8",
    "quantity": 412,
    "price": 104.01,
    "side": "BUY",
    "timestamp": "2025-12-07T16:00:38.022778"
  },
  {
    "order_id": 168,
    "client_id": "C39",
    "security_id": "SEC10",
    "quantity": 500,
    "price": 105.57,
    "side": "SELL",
    "timestamp": "2025-12-07T15:59:38.022785"
  },
  {
    "order_id": 169,
    "client_id": "C41",
    "security_id": "SEC15",
    "quantity": 347,
    "price": 220.79,
    "side": "BUY",
    "timestamp": "2025-12-07T15:58:38.022791"
  },
  {
    "order_id": 170,
    "client_id": "C45",
    "security_id": "SEC13",
    "quantity": 230,
    "price": 109.43,
    "side": "BUY",
    "timestamp": "2025-12-07T15:57:38.022800"
  },
  {
    "order_id": 171,
    "client_id": "C18",
    "security_id": "SEC9",
    "quantity": 190,
    "price": 238.87,
    "side": "SELL",
    "timestamp": "2025-12-07T15:56:38.022807"
  },
  {
    "order_id": 172,
    "client_id": "C14",
    "security_id": "SEC18",
    "quantity": 84,
    "price": 74.98,
    "side": "SELL",
    "timestamp": "2025-12-07T15:55:38.022814"
  },
  {
    "order_id": 173,
    "client_id": "C13",
    "security_id": "SEC16",
    "quantity": 333,
    "price": 234.18,
    "side": "BUY",
    "timestamp": "2025-12-07T15:54:38.022820"
  },
  {
    "order_id": 174,
    "client_id": "C17",
    "security_id": "SEC4",
    "quantity": 497,
    "price": 182.79,
    "side": "SELL",
    "timestamp": "2025-12-07T15:53:38.022827"
  },
  {
    "order_id": 175,
    "client_id": "C41",
    "security_id": "SEC20",
    "quantity": 495,
    "price": 231.48,
    "side": "BUY",
    "timestamp": "2025-12-07T15:52:38.022834"
  },
  {
    "order_id": 176,
    "client_id": "C30",
    "security_id": "SEC9",
    "quantity": 211,
    "price": 204.23,
    "side": "SELL",
    "timestamp": "2025-12-07T15:51:38.022841"
  },
  {
    "order_id": 177,
    "client_id": "C34",
    "security_id": "SEC19",
    "quantity": 446,
    "price": 96.79,
    "side": "BUY",
    "timestamp": "2025-12-07T15:50:38.022847"
  },
  {
    "order_id": 178,
    "client_id": "C4",
    "security_id": "SEC11",
    "quantity": 332,
    "price": 162.74,
    "side": "BUY",
    "timestamp": "2025-12-07T15:49:38.022856"
  },
  {
    "order_id": 179,
    "client_id": "C45",
    "security_id": "SEC6",
    "quantity": 405,
    "price": 243.18,
    "side": "BUY",
    "timestamp": "2025-12-07T15:48:38.022864"
  },
  {
    "order_id": 180,
    "client_id": "C34",
    "security_id": "SEC10",
    "quantity": 445,
    "price": 181.52,
    "side": "SELL",
    "timestamp": "2025-12-07T15:47:38.022871"
  },
  {
    "order_id": 181,
    "client_id": "C10",
    "security_id": "SEC11",
    "quantity": 318,
    "price": 70.03,
    "side": "SELL",
    "timestamp": "2025-12-07T15:46:38.022880"
  },
  {
    "order_id": 182,
    "client_id": "C27",
    "security_id": "SEC2",
    "quantity": 280,
    "price": 167.79,
    "side": "BUY",
    "timestamp": "2025-12-07T15:45:38.022886"
  },
  {
    "order_id": 183,
    "client_id": "C13",
    "security_id": "SEC2",
    "quantity": 451,
    "price": 152.24,
    "side": "BUY",
    "timestamp": "2025-12-07T15:44:38.022893"
  },
  {
    "order_id": 184,
    "client_id": "C1",
    "security_id": "SEC9",
    "quantity": 304,
    "price": 193.82,
    "side": "BUY",
    "timestamp": "2025-12-07T15:43:38.022900"
  },
  {
    "order_id": 185,
    "client_id": "C40",
    "security_id": "SEC7",
    "quantity": 425,
    "price": 70.79,
    "side": "BUY",
    "timestamp": "2025-12-07T15:42:38.022913"
  },
  {
    "order_id": 186,
    "client_id": "C29",
    "security_id": "SEC10",
    "quantity": 209,
    "price": 154.9,
    "side": "BUY",
    "timestamp": "2025-12-07T15:41:38.022920"
  },
  {
    "order_id": 187,
    "client_id": "C37",
    "security_id": "SEC10",
    "quantity": 103,
    "price": 63.04,
    "side": "BUY",
    "timestamp": "2025-12-07T15:40:38.022927"
  },
  {
    "order_id": 188,
    "client_id": "C17",
    "security_id": "SEC15",
    "quantity": 155,
    "price": 177.15,
    "side": "SELL",
    "timestamp": "2025-12-07T15:39:38.022933"
  },
  {
    "order_id": 189,
    "client_id": "C43",
    "security_id": "SEC16",
    "quantity": 462,
    "price": 91.54,
    "side": "BUY",
    "timestamp": "2025-12-07T15:38:38.022940"
  },
  {
    "order_id": 190,
    "client_id": "C49",
    "security_id": "SEC19",
    "quantity": 315,
    "price": 155.35,
    "side": "SELL",
    "timestamp": "2025-12-07T15:37:38.022947"
  },
  {
    "order_id": 191,
    "client_id": "C8",
    "security_id": "SEC8",
    "quantity": 320,
    "price": 119.04,
    "side": "SELL",
    "timestamp": "2025-12-07T15:36:38.022953"
  },
  {
    "order_id": 192,
    "client_id": "C4",
    "security_id": "SEC20",
    "quantity": 255,
    "price": 163.44,
    "side": "SELL",
    "timestamp": "2025-12-07T15:35:38.022960"
  },
  {
    "order_id": 193,
    "client_id": "C22",
    "security_id": "SEC6",
    "quantity": 33,
    "price": 207.45,
    "side": "BUY",
    "timestamp": "2025-12-07T15:34:38.022979"
  },
  {
    "order_id": 194,
    "client_id": "C33",
    "security_id": "SEC13",
    "quantity": 452,
    "price": 113.39,
    "side": "SELL",
    "timestamp": "2025-12-07T15:33:38.022991"
  },
  {
    "order_id": 195,
    "client_id": "C11",
    "security_id": "SEC10",
    "quantity": 59,
    "price": 53.97,
    "side": "SELL",
    "timestamp": "2025-12-07T15:32:38.023001"
  },
  {
    "order_id": 196,
    "client_id": "C16",
    "security_id": "SEC1",
    "quantity": 407,
    "price": 136.68,
    "side": "SELL",
    "timestamp": "2025-12-07T15:31:38.023012"
  },
  {
    "order_id": 197,
    "client_id": "C20",
    "security_id": "SEC17",
    "quantity": 217,
    "price": 50.91,
    "side": "BUY",
    "timestamp": "2025-12-07T15:30:38.023023"
  },
  {
    "order_id": 198,
    "client_id": "C21",
    "security_id": "SEC18",
    "quantity": 131,
    "price": 83.51,
    "side": "SELL",
    "timestamp": "2025-12-07T15:29:38.023040"
  },
  {
    "order_id": 199,
    "client_id": "C1",
    "security_id": "SEC2",
    "quantity": 95,
    "price": 189.17,
    "side": "SELL",
    "timestamp": "2025-12-07T15:28:38.023048"
  },
  {
    "order_id": 200,
    "client_id": "C19",
    "security_id": "SEC6",
    "quantity": 165,
    "price": 169.98,
    "side": "SELL",
    "timestamp": "2025-12-07T15:27:38.023054"
  },
  {
    "order_id": 201,
    "client_id": "C50",
    "security_id": "SEC20",
    "quantity": 340,
    "price": 205.78,
    "side": "BUY",
    "timestamp": "2025-12-07T15:26:38.023061"
  },
  {
    "order_id": 202,
    "client_id": "C17",
    "security_id": "SEC1",
    "quantity": 263,
    "price": 191.03,
    "side": "SELL",
    "timestamp": "2025-12-07T15:25:38.023068"
  },
  {
    "order_id": 203,
    "client_id": "C10",
    "security_id": "SEC12",
    "quantity": 152,
    "price": 90.61,
    "side": "SELL",
    "timestamp": "2025-12-07T15:24:38.023075"
  },
  {
    "order_id": 204,
    "client_id": "C8",
    "security_id": "SEC9",
    "quantity": 400,
    "price": 90.48,
    "side": "BUY",
    "timestamp": "2025-12-07T15:23:38.023082"
  },
  {
    "order_id": 205,
    "client_id": "C36",
    "security_id": "SEC11",
    "quantity": 50,
    "price": 89.58,
    "side": "SELL",
    "timestamp": "2025-12-07T15:22:38.023088"
  },
  {
    "order_id": 206,
    "client_id": "C35",
    "security_id": "SEC7",
    "quantity": 161,
    "price": 214.35,
    "side": "SELL",
    "timestamp": "2025-12-07T15:21:38.023095"
  },
  {
    "order_id": 207,
    "client_id": "C9",
    "security_id": "SEC15",
    "quantity": 343,
    "price": 84.6,
    "side": "SELL",
    "timestamp": "2025-12-07T15:20:38.023102"
  },
  {
    "order_id": 208,
    "client_id": "C9",
    "security_id": "SEC17",
    "quantity": 458,
    "price": 201.19,
    "side": "BUY",
    "timestamp": "2025-12-07T15:19:38.023108"
  },
  {
    "order_id": 209,
    "client_id": "C36",
    "security_id": "SEC14",
    "quantity": 192,
    "price": 61.62,
    "side": "BUY",
    "timestamp": "2025-12-07T15:18:38.023115"
  },
  {
    "order_id": 210,
    "client_id": "C32",
    "security_id": "SEC13",
    "quantity": 300,
    "price": 216.54,
    "side": "BUY",
    "timestamp": "2025-12-07T15:17:38.023122"
  },
  {
    "order_id": 211,
    "client_id": "C40",
    "security_id": "SEC4",
    "quantity": 463,
    "price": 52.99,
    "side": "BUY",
    "timestamp": "2025-12-07T15:16:38.023129"
  },
  {
    "order_id": 212,
    "client_id": "C15",
    "security_id": "SEC6",
    "quantity": 182,
    "price": 235.65,
    "side": "SELL",
    "timestamp": "2025-12-07T15:15:38.023135"
  },
  {
    "order_id": 213,
    "client_id": "C50",
    "security_id": "SEC11",
    "quantity": 30,
    "price": 110.23,
    "side": "BUY",
    "timestamp": "2025-12-07T15:14:38.023142"
  },
  {
    "order_id": 214,
    "client_id": "C45",
    "security_id": "SEC10",
    "quantity": 342,
    "price": 225.34,
    "side": "SELL",
    "timestamp": "2025-12-07T15:13:38.023149"
  },
  {
    "order_id": 215,
    "client_id": "C19",
    "security_id": "SEC13",
    "quantity": 261,
    "price": 232.53,
    "side": "SELL",
    "timestamp": "2025-12-07T15:12:38.023156"
  },
  {
    "order_id": 216,
    "client_id": "C6",
    "security_id": "SEC14",
    "quantity": 202,
    "price": 76.27,
    "side": "SELL",
    "timestamp": "2025-12-07T15:11:38.023162"
  },
  {
    "order_id": 217,
    "client_id": "C21",
    "security_id": "SEC8",
    "quantity": 71,
    "price": 222.09,
    "side": "SELL",
    "timestamp": "2025-12-07T15:10:38.023171"
  },
  {
    "order_id": 218,
    "client_id": "C13",
    "security_id": "SEC9",
    "quantity": 344,
    "price": 135.18,
    "side": "SELL",
    "timestamp": "2025-12-07T15:09:38.023178"
  },
  {
    "order_id": 219,
    "client_id": "C33",
    "security_id": "SEC6",
    "quantity": 233,
    "price": 52.37,
    "side": "BUY",
    "timestamp": "2025-12-07T15:08:38.023184"
  },
  {
    "order_id": 220,
    "client_id": "C13",
    "security_id": "SEC10",
    "quantity": 119,
    "price": 94.18,
    "side": "SELL",
    "timestamp": "2025-12-07T15:07:38.023192"
  },
  {
    "order_id": 221,
    "client_id": "C34",
    "security_id": "SEC8",
    "quantity": 292,
    "price": 107.97,
    "side": "SELL",
    "timestamp": "2025-12-07T15:06:38.023200"
  },
  {
    "order_id": 222,
    "client_id": "C19",
    "security_id": "SEC11",
    "quantity": 371,
    "price": 236.93,
    "side": "BUY",
    "timestamp": "2025-12-07T15:05:38.023207"
  },
  {
    "order_id": 223,
    "client_id": "C2",
    "security_id": "SEC12",
    "quantity": 292,
    "price": 60.31,
    "side": "SELL",
    "timestamp": "2025-12-07T15:04:38.023214"
  },
  {
    "order_id": 224,
    "client_id": "C17",
    "security_id": "SEC20",
    "quantity": 465,
    "price": 63.99,
    "side": "BUY",
    "timestamp": "2025-12-07T15:03:38.023220"
  },
  {
    "order_id": 225,
    "client_id": "C40",
    "security_id": "SEC16",
    "quantity": 411,
    "price": 218.96,
    "side": "BUY",
    "timestamp": "2025-12-07T15:02:38.023227"
  },
  {
    "order_id": 226,
    "client_id": "C32",
    "security_id": "SEC11",
    "quantity": 313,
    "price": 169.6,
    "side": "SELL",
    "timestamp": "2025-12-07T15:01:38.023234"
  },
  {
    "order_id": 227,
    "client_id": "C15",
    "security_id": "SEC4",
    "quantity": 491,
    "price": 195.84,
    "side": "SELL",
    "timestamp": "2025-12-07T15:00:38.023240"
  },
  {
    "order_id": 228,
    "client_id": "C48",
    "security_id": "SEC9",
    "quantity": 457,
    "price": 138.55,
    "side": "SELL",
    "timestamp": "2025-12-07T14:59:38.023247"
  },
  {
    "order_id": 229,
    "client_id": "C26",
    "security_id": "SEC13",
    "quantity": 203,
    "price": 69.18,
    "side": "SELL",
    "timestamp": "2025-12-07T14:58:38.023254"
  },
  {
    "order_id": 230,
    "client_id": "C14",
    "security_id": "SEC17",
    "quantity": 22,
    "price": 128.91,
    "side": "SELL",
    "timestamp": "2025-12-07T14:57:38.023260"
  },
  {
    "order_id": 231,
    "client_id": "C30",
    "security_id": "SEC1",
    "quantity": 230,
    "price": 192.14,
    "side": "BUY",
    "timestamp": "2025-12-07T14:56:38.023267"
  },
  {
    "order_id": 232,
    "client_id": "C40",
    "security_id": "SEC11",
    "quantity": 185,
    "price": 116.49,
    "side": "BUY",
    "timestamp": "2025-12-07T14:55:38.023274"
  },
  {
    "order_id": 233,
    "client_id": "C41",
    "security_id": "SEC20",
    "quantity": 409,
    "price": 140.36,
    "side": "SELL",
    "timestamp": "2025-12-07T14:54:38.023281"
  },
  {
    "order_id": 234,
    "client_id": "C50",
    "security_id": "SEC8",
    "quantity": 168,
    "price": 236.19,
    "side": "SELL",
    "timestamp": "2025-12-07T14:53:38.023288"
  },
  {
    "order_id": 235,
    "client_id": "C4",
    "security_id": "SEC1",
    "quantity": 35,
    "price": 148.59,
    "side": "BUY",
    "timestamp": "2025-12-07T14:52:38.023295"
  },
  {
    "order_id": 236,
    "client_id": "C11",
    "security_id": "SEC11",
    "quantity": 156,
    "price": 195.97,
    "side": "BUY",
    "timestamp": "2025-12-07T14:51:38.023301"
  },
  {
    "order_id": 237,
    "client_id": "C13",
    "security_id": "SEC17",
    "quantity": 203,
    "price": 200.64,
    "side": "SELL",
    "timestamp": "2025-12-07T14:50:38.023310"
  },
  {
    "order_id": 238,
    "client_id": "C6",
    "security_id": "SEC6",
    "quantity": 282,
    "price": 199.03,
    "side": "BUY",
    "timestamp": "2025-12-07T14:49:38.023318"
  },
  {
    "order_id": 239,
    "client_id": "C37",
    "security_id": "SEC7",
    "quantity": 14,
    "price": 153.52,
    "side": "SELL",
    "timestamp": "2025-12-07T14:48:38.023325"
  },
  {
    "order_id": 240,
    "client_id": "C50",
    "security_id": "SEC14",
    "quantity": 459,
    "price": 155.76,
    "side": "SELL",
    "timestamp": "2025-12-07T14:47:38.023331"
  },
  {
    "order_id": 241,
    "client_id": "C35",
    "security_id": "SEC7",
    "quantity": 112,
    "price": 83.53,
    "side": "BUY",
    "timestamp": "2025-12-07T14:46:38.023338"
  },
  {
    "order_id": 242,
    "client_id": "C34",
    "security_id": "SEC10",
    "quantity": 80,
    "price": 111.81,
    "side": "SELL",
    "timestamp": "2025-12-07T14:45:38.023344"
  },
  {
    "order_id": 243,
    "client_id": "C1",
    "security_id": "SEC7",
    "quantity": 279,
    "price": 233.51,
    "side": "BUY",
    "timestamp": "2025-12-07T14:44:38.023353"
  },
  {
    "order_id": 244,
    "client_id": "C44",
    "security_id": "SEC1",
    "quantity": 231,
    "price": 126.82,
    "side": "BUY",
    "timestamp": "2025-12-07T14:43:38.023360"
  },
  {
    "order_id": 245,
    "client_id": "C13",
    "security_id": "SEC15",
    "quantity": 103,
    "price": 97.82,
    "side": "BUY",
    "timestamp": "2025-12-07T14:42:38.023366"
  },
  {
    "order_id": 246,
    "client_id": "C49",
    "security_id": "SEC14",
    "quantity": 34,
    "price": 222.73,
    "side": "BUY",
    "timestamp": "2025-12-07T14:41:38.023373"
  },
  {
    "order_id": 247,
    "client_id": "C43",
    "security_id": "SEC19",
    "quantity": 146,
    "price": 136.04,
    "side": "BUY",
    "timestamp": "2025-12-07T14:40:38.023379"
  },
  {
    "order_id": 248,
    "client_id": "C38",
    "security_id": "SEC2",
    "quantity": 152,
    "price": 188.04,
    "side": "BUY",
    "timestamp": "2025-12-07T14:39:38.023386"
  },
  {
    "order_id": 249,
    "client_id": "C20",
    "security_id": "SEC11",
    "quantity": 476,
    "price": 73.01,
    "side": "BUY",
    "timestamp": "2025-12-07T14:38:38.023393"
  },
  {
    "order_id": 250,
    "client_id": "C45",
    "security_id": "SEC2",
    "quantity": 433,
    "price": 90.86,
    "side": "BUY",
    "timestamp": "2025-12-07T14:37:38.023400"
  },
  {
    "order_id": 251,
    "client_id": "C5",
    "security_id": "SEC7",
    "quantity": 355,
    "price": 102.47,
    "side": "SELL",
    "timestamp": "2025-12-07T14:36:38.023416"
  },
  {
    "order_id": 252,
    "client_id": "C8",
    "security_id": "SEC14",
    "quantity": 96,
    "price": 187.53,
    "side": "BUY",
    "timestamp": "2025-12-07T14:35:38.023423"
  },
  {
    "order_id": 253,
    "client_id": "C49",
    "security_id": "SEC9",
    "quantity": 189,
    "price": 233.42,
    "side": "SELL",
    "timestamp": "2025-12-07T14:34:38.023430"
  },
  {
    "order_id": 254,
    "client_id": "C12",
    "security_id": "SEC9",
    "quantity": 308,
    "price": 202.95,
    "side": "BUY",
    "timestamp": "2025-12-07T14:33:38.023437"
  },
  {
    "order_id": 255,
    "client_id": "C19",
    "security_id": "SEC4",
    "quantity": 391,
    "price": 189.11,
    "side": "BUY",
    "timestamp": "2025-12-07T14:32:38.023443"
  },
  {
    "order_id": 256,
    "client_id": "C47",
    "security_id": "SEC4",
    "quantity": 50,
    "price": 195.09,
    "side": "BUY",
    "timestamp": "2025-12-07T14:31:38.023452"
  },
  {
    "order_id": 257,
    "client_id": "C37",
    "security_id": "SEC6",
    "quantity": 402,
    "price": 248.31,
    "side": "SELL",
    "timestamp": "2025-12-07T14:30:38.023459"
  },
  {
    "order_id": 258,
    "client_id": "C31",
    "security_id": "SEC4",
    "quantity": 92,
    "price": 123.78,
    "side": "SELL",
    "timestamp": "2025-12-07T14:29:38.023466"
  },
  {
    "order_id": 259,
    "client_id": "C26",
    "security_id": "SEC9",
    "quantity": 37,
    "price": 216.4,
    "side": "SELL",
    "timestamp": "2025-12-07T14:28:38.023473"
  },
  {
    "order_id": 260,
    "client_id": "C10",
    "security_id": "SEC19",
    "quantity": 174,
    "price": 139.24,
    "side": "BUY",
    "timestamp": "2025-12-07T14:27:38.023480"
  },
  {
    "order_id": 261,
    "client_id": "C40",
    "security_id": "SEC5",
    "quantity": 390,
    "price": 102.07,
    "side": "BUY",
    "timestamp": "2025-12-07T14:26:38.023486"
  },
  {
    "order_id": 262,
    "client_id": "C12",
    "security_id": "SEC8",
    "quantity": 134,
    "price": 107.58,
    "side": "BUY",
    "timestamp": "2025-12-07T14:25:38.023493"
  },
  {
    "order_id": 263,
    "client_id": "C25",
    "security_id": "SEC6",
    "quantity": 38,
    "price": 189.2,
    "side": "SELL",
    "timestamp": "2025-12-07T14:24:38.023500"
  },
  {
    "order_id": 264,
    "client_id": "C11",
    "security_id": "SEC3",
    "quantity": 200,
    "price": 98.6,
    "side": "BUY",
    "timestamp": "2025-12-07T14:23:38.023509"
  },
  {
    "order_id": 265,
    "client_id": "C23",
    "security_id": "SEC5",
    "quantity": 134,
    "price": 227.01,
    "side": "SELL",
    "timestamp": "2025-12-07T14:22:38.023516"
  },
  {
    "order_id": 266,
    "client_id": "C13",
    "security_id": "SEC4",
    "quantity": 481,
    "price": 195.31,
    "side": "BUY",
    "timestamp": "2025-12-07T14:21:38.023523"
  },
  {
    "order_id": 267,
    "client_id": "C27",
    "security_id": "SEC10",
    "quantity": 294,
    "price": 128.7,
    "side": "SELL",
    "timestamp": "2025-12-07T14:20:38.023530"
  },
  {
    "order_id": 268,
    "client_id": "C31",
    "security_id": "SEC2",
    "quantity": 146,
    "price": 162.15,
    "side": "SELL",
    "timestamp": "2025-12-07T14:19:38.023536"
  },
  {
    "order_id": 269,
    "client_id": "C11",
    "security_id": "SEC7",
    "quantity": 459,
    "price": 58.63,
    "side": "BUY",
    "timestamp": "2025-12-07T14:18:38.023543"
  },
  {
    "order_id": 270,
    "client_id": "C30",
    "security_id": "SEC3",
    "quantity": 233,
    "price": 181.01,
    "side": "BUY",
    "timestamp": "2025-12-07T14:17:38.023549"
  },
  {
    "order_id": 271,
    "client_id": "C10",
    "security_id": "SEC2",
    "quantity": 65,
    "price": 110.16,
    "side": "BUY",
    "timestamp": "2025-12-07T14:16:38.023556"
  },
  {
    "order_id": 272,
    "client_id": "C47",
    "security_id": "SEC12",
    "quantity": 156,
    "price": 115.17,
    "side": "SELL",
    "timestamp": "2025-12-07T14:15:38.023565"
  },
  {
    "order_id": 273,
    "client_id": "C23",
    "security_id": "SEC15",
    "quantity": 394,
    "price": 195.62,
    "side": "SELL",
    "timestamp": "2025-12-07T14:14:38.023572"
  },
  {
    "order_id": 274,
    "client_id": "C13",
    "security_id": "SEC16",
    "quantity": 420,
    "price": 221.23,
    "side": "SELL",
    "timestamp": "2025-12-07T14:13:38.023579"
  },
  {
    "order_id": 275,
    "client_id": "C18",
    "security_id": "SEC11",
    "quantity": 13,
    "price": 58.21,
    "side": "BUY",
    "timestamp": "2025-12-07T14:12:38.023585"
  },
  {
    "order_id": 276,
    "client_id": "C47",
    "security_id": "SEC13",
    "quantity": 361,
    "price": 108.68,
    "side": "BUY",
    "timestamp": "2025-12-07T14:11:38.023594"
  },
  {
    "order_id": 277,
    "client_id": "C43",
    "security_id": "SEC2",
    "quantity": 257,
    "price": 144.9,
    "side": "BUY",
    "timestamp": "2025-12-07T14:10:38.023601"
  },
  {
    "order_id": 278,
    "client_id": "C21",
    "security_id": "SEC15",
    "quantity": 135,
    "price": 232.38,
    "side": "SELL",
    "timestamp": "2025-12-07T14:09:38.023607"
  },
  {
    "order_id": 279,
    "client_id": "C15",
    "security_id": "SEC13",
    "quantity": 204,
    "price": 196.91,
    "side": "SELL",
    "timestamp": "2025-12-07T14:08:38.023614"
  },
  {
    "order_id": 280,
    "client_id": "C25",
    "security_id": "SEC16",
    "quantity": 260,
    "price": 130.72,
    "side": "BUY",
    "timestamp": "2025-12-07T14:07:38.023621"
  },
  {
    "order_id": 281,
    "client_id": "C46",
    "security_id": "SEC13",
    "quantity": 431,
    "price": 240.83,
    "side": "BUY",
    "timestamp": "2025-12-07T14:06:38.023628"
  },
  {
    "order_id": 282,
    "client_id": "C34",
    "security_id": "SEC5",
    "quantity": 367,
    "price": 172.64,
    "side": "BUY",
    "timestamp": "2025-12-07T14:05:38.023634"
  },
  {
    "order_id": 283,
    "client_id": "C19",
    "security_id": "SEC18",
    "quantity": 74,
    "price": 217.75,
    "side": "SELL",
    "timestamp": "2025-12-07T14:04:38.023641"
  },
  {
    "order_id": 284,
    "client_id": "C47",
    "security_id": "SEC4",
    "quantity": 146,
    "price": 78.27,
    "side": "BUY",
    "timestamp": "2025-12-07T14:03:38.023648"
  },
  {
    "order_id": 285,
    "client_id": "C48",
    "security_id": "SEC20",
    "quantity": 68,
    "price": 148.59,
    "side": "BUY",
    "timestamp": "2025-12-07T14:02:38.023657"
  },
  {
    "order_id": 286,
    "client_id": "C25",
    "security_id": "SEC14",
    "quantity": 395,
    "price": 228.52,
    "side": "SELL",
    "timestamp": "2025-12-07T14:01:38.023674"
  },
  {
    "order_id": 287,
    "client_id": "C20",
    "security_id": "SEC2",
    "quantity": 463,
    "price": 122.84,
    "side": "SELL",
    "timestamp": "2025-12-07T14:00:38.023681"
  },
  {
    "order_id": 288,
    "client_id": "C40",
    "security_id": "SEC5",
    "quantity": 386,
    "price": 137.21,
    "side": "BUY",
    "timestamp": "2025-12-07T13:59:38.023688"
  },
  {
    "order_id": 289,
    "client_id": "C25",
    "security_id": "SEC15",
    "quantity": 285,
    "price": 130.77,
    "side": "BUY",
    "timestamp": "2025-12-07T13:58:38.023698"
  },
  {
    "order_id": 290,
    "client_id": "C11",
    "security_id": "SEC16",
    "quantity": 97,
    "price": 145.43,
    "side": "BUY",
    "timestamp": "2025-12-07T13:57:38.023704"
  },
  {
    "order_id": 291,
    "client_id": "C38",
    "security_id": "SEC7",
    "quantity": 260,
    "price": 212.89,
    "side": "BUY",
    "timestamp": "2025-12-07T13:56:38.023711"
  },
  {
    "order_id": 292,
    "client_id": "C44",
    "security_id": "SEC1",
    "quantity": 71,
    "price": 140.73,
    "side": "BUY",
    "timestamp": "2025-12-07T13:55:38.023718"
  },
  {
    "order_id": 293,
    "client_id": "C15",
    "security_id": "SEC15",
    "quantity": 57,
    "price": 133.02,
    "side": "BUY",
    "timestamp": "2025-12-07T13:54:38.023724"
  },
  {
    "order_id": 294,
    "client_id": "C21",
    "security_id": "SEC16",
    "quantity": 278,
    "price": 125.93,
    "side": "SELL",
    "timestamp": "2025-12-07T13:53:38.023731"
  },
  {
    "order_id": 295,
    "client_id": "C7",
    "security_id": "SEC15",
    "quantity": 346,
    "price": 168.12,
    "side": "SELL",
    "timestamp": "2025-12-07T13:52:38.023740"
  },
  {
    "order_id": 296,
    "client_id": "C21",
    "security_id": "SEC19",
    "quantity": 236,
    "price": 227.16,
    "side": "BUY",
    "timestamp": "2025-12-07T13:51:38.023746"
  },
  {
    "order_id": 297,
    "client_id": "C43",
    "security_id": "SEC18",
    "quantity": 115,
    "price": 233.26,
    "side": "SELL",
    "timestamp": "2025-12-07T13:50:38.023753"
  },
  {
    "order_id": 298,
    "client_id": "C22",
    "security_id": "SEC10",
    "quantity": 173,
    "price": 164.04,
    "side": "BUY",
    "timestamp": "2025-12-07T13:49:38.023760"
  },
  {
    "order_id": 299,
    "client_id": "C22",
    "security_id": "SEC10",
    "quantity": 192,
    "price": 69.71,
    "side": "SELL",
    "timestamp": "2025-12-07T13:48:38.023767"
  },
  {
    "order_id": 300,
    "client_id": "C33",
    "security_id": "SEC14",
    "quantity": 334,
    "price": 149.96,
    "side": "SELL",
    "timestamp": "2025-12-07T13:47:38.023773"
  },
  {
    "order_id": 301,
    "client_id": "C47",
    "security_id": "SEC1",
    "quantity": 68,
    "price": 191.52,
    "side": "SELL",
    "timestamp": "2025-12-07T13:46:38.023780"
  },
  {
    "order_id": 302,
    "client_id": "C38",
    "security_id": "SEC9",
    "quantity": 308,
    "price": 53.41,
    "side": "SELL",
    "timestamp": "2025-12-07T13:45:38.023786"
  },
  {
    "order_id": 303,
    "client_id": "C29",
    "security_id": "SEC6",
    "quantity": 315,
    "price": 181.68,
    "side": "SELL",
    "timestamp": "2025-12-07T13:44:38.023793"
  },
  {
    "order_id": 304,
    "client_id": "C5",
    "security_id": "SEC3",
    "quantity": 417,
    "price": 184.52,
    "side": "SELL",
    "timestamp": "2025-12-07T13:43:38.023800"
  },
  {
    "order_id": 305,
    "client_id": "C50",
    "security_id": "SEC14",
    "quantity": 310,
    "price": 210.3,
    "side": "SELL",
    "timestamp": "2025-12-07T13:42:38.023807"
  },
  {
    "order_id": 306,
    "client_id": "C42",
    "security_id": "SEC12",
    "quantity": 49,
    "price": 228.82,
    "side": "BUY",
    "timestamp": "2025-12-07T13:41:38.023813"
  },
  {
    "order_id": 307,
    "client_id": "C12",
    "security_id": "SEC10",
    "quantity": 482,
    "price": 231.22,
    "side": "BUY",
    "timestamp": "2025-12-07T13:40:38.023823"
  },
  {
    "order_id": 308,
    "client_id": "C11",
    "security_id": "SEC16",
    "quantity": 391,
    "price": 132.61,
    "side": "BUY",
    "timestamp": "2025-12-07T13:39:38.023829"
  },
  {
    "order_id": 309,
    "client_id": "C20",
    "security_id": "SEC15",
    "quantity": 286,
    "price": 244.5,
    "side": "BUY",
    "timestamp": "2025-12-07T13:38:38.023837"
  },
  {
    "order_id": 310,
    "client_id": "C47",
    "security_id": "SEC18",
    "quantity": 498,
    "price": 156.68,
    "side": "SELL",
    "timestamp": "2025-12-07T13:37:38.023843"
  },
  {
    "order_id": 311,
    "client_id": "C48",
    "security_id": "SEC11",
    "quantity": 411,
    "price": 131.65,
    "side": "SELL",
    "timestamp": "2025-12-07T13:36:38.023850"
  },
  {
    "order_id": 312,
    "client_id": "C41",
    "security_id": "SEC14",
    "quantity": 68,
    "price": 95.55,
    "side": "SELL",
    "timestamp": "2025-12-07T13:35:38.023857"
  },
  {
    "order_id": 313,
    "client_id": "C24",
    "security_id": "SEC17",
    "quantity": 242,
    "price": 74.73,
    "side": "BUY",
    "timestamp": "2025-12-07T13:34:38.023863"
  },
  {
    "order_id": 314,
    "client_id": "C1",
    "security_id": "SEC17",
    "quantity": 360,
    "price": 234.39,
    "side": "BUY",
    "timestamp": "2025-12-07T13:33:38.023872"
  },
  {
    "order_id": 315,
    "client_id": "C35",
    "security_id": "SEC11",
    "quantity": 340,
    "price": 238.56,
    "side": "SELL",
    "timestamp": "2025-12-07T13:32:38.023881"
  },
  {
    "order_id": 316,
    "client_id": "C13",
    "security_id": "SEC9",
    "quantity": 242,
    "price": 243.44,
    "side": "SELL",
    "timestamp": "2025-12-07T13:31:38.023888"
  },
  {
    "order_id": 317,
    "client_id": "C37",
    "security_id": "SEC7",
    "quantity": 156,
    "price": 191.24,
    "side": "BUY",
    "timestamp": "2025-12-07T13:30:38.023894"
  },
  {
    "order_id": 318,
    "client_id": "C32",
    "security_id": "SEC12",
    "quantity": 338,
    "price": 114.43,
    "side": "SELL",
    "timestamp": "2025-12-07T13:29:38.023902"
  },
  {
    "order_id": 319,
    "client_id": "C38",
    "security_id": "SEC8",
    "quantity": 337,
    "price": 152.41,
    "side": "BUY",
    "timestamp": "2025-12-07T13:28:38.023909"
  },
  {
    "order_id": 320,
    "client_id": "C18",
    "security_id": "SEC5",
    "quantity": 408,
    "price": 236.3,
    "side": "BUY",
    "timestamp": "2025-12-07T13:27:38.023915"
  },
  {
    "order_id": 321,
    "client_id": "C16",
    "security_id": "SEC10",
    "quantity": 308,
    "price": 151.57,
    "side": "SELL",
    "timestamp": "2025-12-07T13:26:38.023922"
  },
  {
    "order_id": 322,
    "client_id": "C17",
    "security_id": "SEC5",
    "quantity": 340,
    "price": 189.37,
    "side": "SELL",
    "timestamp": "2025-12-07T13:25:38.023929"
  },
  {
    "order_id": 323,
    "client_id": "C46",
    "security_id": "SEC10",
    "quantity": 205,
    "price": 68.89,
    "side": "BUY",
    "timestamp": "2025-12-07T13:24:38.023936"
  },
  {
    "order_id": 324,
    "client_id": "C37",
    "security_id": "SEC16",
    "quantity": 267,
    "price": 210.03,
    "side": "BUY",
    "timestamp": "2025-12-07T13:23:38.023945"
  },
  {
    "order_id": 325,
    "client_id": "C17",
    "security_id": "SEC2",
    "quantity": 395,
    "price": 76.78,
    "side": "SELL",
    "timestamp": "2025-12-07T13:22:38.023952"
  },
  {
    "order_id": 326,
    "client_id": "C37",
    "security_id": "SEC3",
    "quantity": 196,
    "price": 219.45,
    "side": "SELL",
    "timestamp": "2025-12-07T13:21:38.023958"
  },
  {
    "order_id": 327,
    "client_id": "C31",
    "security_id": "SEC12",
    "quantity": 491,
    "price": 180.61,
    "side": "BUY",
    "timestamp": "2025-12-07T13:20:38.023984"
  },
  {
    "order_id": 328,
    "client_id": "C20",
    "security_id": "SEC10",
    "quantity": 277,
    "price": 189.79,
    "side": "BUY",
    "timestamp": "2025-12-07T13:19:38.023991"
  },
  {
    "order_id": 329,
    "client_id": "C39",
    "security_id": "SEC3",
    "quantity": 489,
    "price": 238.45,
    "side": "SELL",
    "timestamp": "2025-12-07T13:18:38.023997"
  },
  {
    "order_id": 330,
    "client_id": "C30",
    "security_id": "SEC16",
    "quantity": 316,
    "price": 220.48,
    "side": "BUY",
    "timestamp": "2025-12-07T13:17:38.024004"
  },
  {
    "order_id": 331,
    "client_id": "C26",
    "security_id": "SEC19",
    "quantity": 494,
    "price": 125.98,
    "side": "BUY",
    "timestamp": "2025-12-07T13:16:38.024011"
  },
  {
    "order_id": 332,
    "client_id": "C14",
    "security_id": "SEC17",
    "quantity": 106,
    "price": 188.8,
    "side": "SELL",
    "timestamp": "2025-12-07T13:15:38.024017"
  },
  {
    "order_id": 333,
    "client_id": "C38",
    "security_id": "SEC9",
    "quantity": 319,
    "price": 137.47,
    "side": "SELL",
    "timestamp": "2025-12-07T13:14:38.024024"
  },
  {
    "order_id": 334,
    "client_id": "C6",
    "security_id": "SEC9",
    "quantity": 27,
    "price": 149.06,
    "side": "SELL",
    "timestamp": "2025-12-07T13:13:38.024033"
  },
  {
    "order_id": 335,
    "client_id": "C34",
    "security_id": "SEC18",
    "quantity": 22,
    "price": 172.24,
    "side": "SELL",
    "timestamp": "2025-12-07T13:12:38.024040"
  },
  {
    "order_id": 336,
    "client_id": "C27",
    "security_id": "SEC18",
    "quantity": 297,
    "price": 105.05,
    "side": "BUY",
    "timestamp": "2025-12-07T13:11:38.024046"
  },
  {
    "order_id": 337,
    "client_id": "C14",
    "security_id": "SEC10",
    "quantity": 213,
    "price": 110.78,
    "side": "SELL",
    "timestamp": "2025-12-07T13:10:38.024053"
  },
  {
    "order_id": 338,
    "client_id": "C18",
    "security_id": "SEC5",
    "quantity": 113,
    "price": 69.03,
    "side": "SELL",
    "timestamp": "2025-12-07T13:09:38.024060"
  },
  {
    "order_id": 339,
    "client_id": "C4",
    "security_id": "SEC4",
    "quantity": 320,
    "price": 50.79,
    "side": "SELL",
    "timestamp": "2025-12-07T13:08:38.024067"
  },
  {
    "order_id": 340,
    "client_id": "C3",
    "security_id": "SEC8",
    "quantity": 157,
    "price": 60.21,
    "side": "SELL",
    "timestamp": "2025-12-07T13:07:38.024074"
  },
  {
    "order_id": 341,
    "client_id": "C31",
    "security_id": "SEC12",
    "quantity": 400,
    "price": 98.24,
    "side": "BUY",
    "timestamp": "2025-12-07T13:06:38.024080"
  },
  {
    "order_id": 342,
    "client_id": "C14",
    "security_id": "SEC14",
    "quantity": 182,
    "price": 192.57,
    "side": "SELL",
    "timestamp": "2025-12-07T13:05:38.024087"
  },
  {
    "order_id": 343,
    "client_id": "C32",
    "security_id": "SEC5",
    "quantity": 71,
    "price": 247.26,
    "side": "SELL",
    "timestamp": "2025-12-07T13:04:38.024093"
  },
  {
    "order_id": 344,
    "client_id": "C15",
    "security_id": "SEC16",
    "quantity": 488,
    "price": 230.55,
    "side": "BUY",
    "timestamp": "2025-12-07T13:03:38.024100"
  },
  {
    "order_id": 345,
    "client_id": "C48",
    "security_id": "SEC3",
    "quantity": 487,
    "price": 235.97,
    "side": "SELL",
    "timestamp": "2025-12-07T13:02:38.024107"
  },
  {
    "order_id": 346,
    "client_id": "C19",
    "security_id": "SEC13",
    "quantity": 428,
    "price": 119.65,
    "side": "BUY",
    "timestamp": "2025-12-07T13:01:38.024114"
  },
  {
    "order_id": 347,
    "client_id": "C13",
    "security_id": "SEC12",
    "quantity": 232,
    "price": 50.06,
    "side": "SELL",
    "timestamp": "2025-12-07T13:00:38.024121"
  },
  {
    "order_id": 348,
    "client_id": "C7",
    "security_id": "SEC16",
    "quantity": 476,
    "price": 243.78,
    "side": "BUY",
    "timestamp": "2025-12-07T12:59:38.024127"
  },
  {
    "order_id": 349,
    "client_id": "C28",
    "security_id": "SEC20",
    "quantity": 428,
    "price": 163.78,
    "side": "SELL",
    "timestamp": "2025-12-07T12:58:38.024134"
  },
  {
    "order_id": 350,
    "client_id": "C4",
    "security_id": "SEC4",
    "quantity": 211,
    "price": 92.13,
    "side": "SELL",
    "timestamp": "2025-12-07T12:57:38.024141"
  },
  {
    "order_id": 351,
    "client_id": "C1",
    "security_id": "SEC13",
    "quantity": 150,
    "price": 125.26,
    "side": "SELL",
    "timestamp": "2025-12-07T12:56:38.024147"
  },
  {
    "order_id": 352,
    "client_id": "C17",
    "security_id": "SEC15",
    "quantity": 308,
    "price": 129.47,
    "side": "BUY",
    "timestamp": "2025-12-07T12:55:38.024154"
  },
  {
    "order_id": 353,
    "client_id": "C32",
    "security_id": "SEC17",
    "quantity": 130,
    "price": 237.13,
    "side": "SELL",
    "timestamp": "2025-12-07T12:54:38.024160"
  },
  {
    "order_id": 354,
    "client_id": "C34",
    "security_id": "SEC6",
    "quantity": 460,
    "price": 188.88,
    "side": "SELL",
    "timestamp": "2025-12-07T12:53:38.024170"
  },
  {
    "order_id": 355,
    "client_id": "C9",
    "security_id": "SEC18",
    "quantity": 196,
    "price": 229.29,
    "side": "BUY",
    "timestamp": "2025-12-07T12:52:38.024177"
  },
  {
    "order_id": 356,
    "client_id": "C47",
    "security_id": "SEC15",
    "quantity": 366,
    "price": 173.34,
    "side": "SELL",
    "timestamp": "2025-12-07T12:51:38.024184"
  },
  {
    "order_id": 357,
    "client_id": "C34",
    "security_id": "SEC3",
    "quantity": 22,
    "price": 188.65,
    "side": "BUY",
    "timestamp": "2025-12-07T12:50:38.024191"
  },
  {
    "order_id": 358,
    "client_id": "C28",
    "security_id": "SEC3",
    "quantity": 462,
    "price": 87.6,
    "side": "SELL",
    "timestamp": "2025-12-07T12:49:38.024198"
  },
  {
    "order_id": 359,
    "client_id": "C21",
    "security_id": "SEC11",
    "quantity": 345,
    "price": 146.22,
    "side": "SELL",
    "timestamp": "2025-12-07T12:48:38.024204"
  },
  {
    "order_id": 360,
    "client_id": "C5",
    "security_id": "SEC4",
    "quantity": 418,
    "price": 217.66,
    "side": "BUY",
    "timestamp": "2025-12-07T12:47:38.024211"
  },
  {
    "order_id": 361,
    "client_id": "C14",
    "security_id": "SEC5",
    "quantity": 268,
    "price": 87.78,
    "side": "BUY",
    "timestamp": "2025-12-07T12:46:38.024217"
  },
  {
    "order_id": 362,
    "client_id": "C31",
    "security_id": "SEC15",
    "quantity": 497,
    "price": 225.32,
    "side": "BUY",
    "timestamp": "2025-12-07T12:45:38.024226"
  },
  {
    "order_id": 363,
    "client_id": "C44",
    "security_id": "SEC13",
    "quantity": 59,
    "price": 162.69,
    "side": "BUY",
    "timestamp": "2025-12-07T12:44:38.024233"
  },
  {
    "order_id": 364,
    "client_id": "C46",
    "security_id": "SEC1",
    "quantity": 467,
    "price": 108.57,
    "side": "SELL",
    "timestamp": "2025-12-07T12:43:38.024240"
  },
  {
    "order_id": 365,
    "client_id": "C11",
    "security_id": "SEC13",
    "quantity": 387,
    "price": 106.43,
    "side": "BUY",
    "timestamp": "2025-12-07T12:42:38.024247"
  },
  {
    "order_id": 366,
    "client_id": "C6",
    "security_id": "SEC12",
    "quantity": 302,
    "price": 152.11,
    "side": "SELL",
    "timestamp": "2025-12-07T12:41:38.024253"
  },
  {
    "order_id": 367,
    "client_id": "C35",
    "security_id": "SEC6",
    "quantity": 237,
    "price": 136.22,
    "side": "BUY",
    "timestamp": "2025-12-07T12:40:38.024260"
  },
  {
    "order_id": 368,
    "client_id": "C17",
    "security_id": "SEC7",
    "quantity": 366,
    "price": 84.83,
    "side": "SELL",
    "timestamp": "2025-12-07T12:39:38.024267"
  },
  {
    "order_id": 369,
    "client_id": "C31",
    "security_id": "SEC1",
    "quantity": 184,
    "price": 75.89,
    "side": "SELL",
    "timestamp": "2025-12-07T12:38:38.024273"
  },
  {
    "order_id": 370,
    "client_id": "C6",
    "security_id": "SEC15",
    "quantity": 221,
    "price": 214.55,
    "side": "SELL",
    "timestamp": "2025-12-07T12:37:38.024282"
  },
  {
    "order_id": 371,
    "client_id": "C48",
    "security_id": "SEC6",
    "quantity": 287,
    "price": 165.76,
    "side": "SELL",
    "timestamp": "2025-12-07T12:36:38.024289"
  },
  {
    "order_id": 372,
    "client_id": "C41",
    "security_id": "SEC19",
    "quantity": 94,
    "price": 147.7,
    "side": "SELL",
    "timestamp": "2025-12-07T12:35:38.024295"
  },
  {
    "order_id": 373,
    "client_id": "C49",
    "security_id": "SEC9",
    "quantity": 299,
    "price": 184.7,
    "side": "BUY",
    "timestamp": "2025-12-07T12:34:38.024305"
  },
  {
    "order_id": 374,
    "client_id": "C3",
    "security_id": "SEC1",
    "quantity": 341,
    "price": 244.25,
    "side": "BUY",
    "timestamp": "2025-12-07T12:33:38.024313"
  },
  {
    "order_id": 375,
    "client_id": "C36",
    "security_id": "SEC19",
    "quantity": 466,
    "price": 222.78,
    "side": "BUY",
    "timestamp": "2025-12-07T12:32:38.024320"
  },
  {
    "order_id": 376,
    "client_id": "C26",
    "security_id": "SEC13",
    "quantity": 221,
    "price": 151.98,
    "side": "SELL",
    "timestamp": "2025-12-07T12:31:38.024327"
  },
  {
    "order_id": 377,
    "client_id": "C15",
    "security_id": "SEC15",
    "quantity": 236,
    "price": 71.97,
    "side": "BUY",
    "timestamp": "2025-12-07T12:30:38.024334"
  },
  {
    "order_id": 378,
    "client_id": "C1",
    "security_id": "SEC13",
    "quantity": 390,
    "price": 159.38,
    "side": "SELL",
    "timestamp": "2025-12-07T12:29:38.024340"
  },
  {
    "order_id": 379,
    "client_id": "C11",
    "security_id": "SEC9",
    "quantity": 206,
    "price": 130.58,
    "side": "SELL",
    "timestamp": "2025-12-07T12:28:38.024347"
  },
  {
    "order_id": 380,
    "client_id": "C27",
    "security_id": "SEC13",
    "quantity": 437,
    "price": 132.9,
    "side": "SELL",
    "timestamp": "2025-12-07T12:27:38.024354"
  },
  {
    "order_id": 381,
    "client_id": "C47",
    "security_id": "SEC12",
    "quantity": 432,
    "price": 51.64,
    "side": "BUY",
    "timestamp": "2025-12-07T12:26:38.024360"
  },
  {
    "order_id": 382,
    "client_id": "C28",
    "security_id": "SEC19",
    "quantity": 470,
    "price": 233.92,
    "side": "BUY",
    "timestamp": "2025-12-07T12:25:38.024367"
  },
  {
    "order_id": 383,
    "client_id": "C21",
    "security_id": "SEC6",
    "quantity": 20,
    "price": 106.75,
    "side": "SELL",
    "timestamp": "2025-12-07T12:24:38.024374"
  },
  {
    "order_id": 384,
    "client_id": "C38",
    "security_id": "SEC4",
    "quantity": 163,
    "price": 70.5,
    "side": "BUY",
    "timestamp": "2025-12-07T12:23:38.024380"
  },
  {
    "order_id": 385,
    "client_id": "C14",
    "security_id": "SEC7",
    "quantity": 337,
    "price": 208.68,
    "side": "BUY",
    "timestamp": "2025-12-07T12:22:38.024387"
  },
  {
    "order_id": 386,
    "client_id": "C35",
    "security_id": "SEC16",
    "quantity": 73,
    "price": 227.07,
    "side": "BUY",
    "timestamp": "2025-12-07T12:21:38.024394"
  },
  {
    "order_id": 387,
    "client_id": "C35",
    "security_id": "SEC19",
    "quantity": 298,
    "price": 190.6,
    "side": "BUY",
    "timestamp": "2025-12-07T12:20:38.024400"
  },
  {
    "order_id": 388,
    "client_id": "C28",
    "security_id": "SEC4",
    "quantity": 164,
    "price": 195.97,
    "side": "SELL",
    "timestamp": "2025-12-07T12:19:38.024415"
  },
  {
    "order_id": 389,
    "client_id": "C37",
    "security_id": "SEC6",
    "quantity": 280,
    "price": 108.0,
    "side": "BUY",
    "timestamp": "2025-12-07T12:18:38.024422"
  },
  {
    "order_id": 390,
    "client_id": "C43",
    "security_id": "SEC8",
    "quantity": 239,
    "price": 194.66,
    "side": "SELL",
    "timestamp": "2025-12-07T12:17:38.024429"
  },
  {
    "order_id": 391,
    "client_id": "C26",
    "security_id": "SEC7",
    "quantity": 496,
    "price": 99.34,
    "side": "BUY",
    "timestamp": "2025-12-07T12:16:38.024436"
  },
  {
    "order_id": 392,
    "client_id": "C11",
    "security_id": "SEC2",
    "quantity": 418,
    "price": 187.13,
    "side": "SELL",
    "timestamp": "2025-12-07T12:15:38.024442"
  },
  {
    "order_id": 393,
    "client_id": "C29",
    "security_id": "SEC13",
    "quantity": 125,
    "price": 239.45,
    "side": "SELL",
    "timestamp": "2025-12-07T12:14:38.024451"
  },
  {
    "order_id": 394,
    "client_id": "C38",
    "security_id": "SEC11",
    "quantity": 224,
    "price": 56.46,
    "side": "SELL",
    "timestamp": "2025-12-07T12:13:38.024458"
  },
  {
    "order_id": 395,
    "client_id": "C24",
    "security_id": "SEC3",
    "quantity": 28,
    "price": 210.51,
    "side": "SELL",
    "timestamp": "2025-12-07T12:12:38.024465"
  },
  {
    "order_id": 396,
    "client_id": "C18",
    "security_id": "SEC9",
    "quantity": 335,
    "price": 131.55,
    "side": "BUY",
    "timestamp": "2025-12-07T12:11:38.024471"
  },
  {
    "order_id": 397,
    "client_id": "C32",
    "security_id": "SEC4",
    "quantity": 473,
    "price": 169.42,
    "side": "BUY",
    "timestamp": "2025-12-07T12:10:38.024479"
  },
  {
    "order_id": 398,
    "client_id": "C14",
    "security_id": "SEC6",
    "quantity": 401,
    "price": 146.89,
    "side": "SELL",
    "timestamp": "2025-12-07T12:09:38.024485"
  },
  {
    "order_id": 399,
    "client_id": "C43",
    "security_id": "SEC14",
    "quantity": 220,
    "price": 67.38,
    "side": "BUY",
    "timestamp": "2025-12-07T12:08:38.024492"
  },
  {
    "order_id": 400,
    "client_id": "C49",
    "security_id": "SEC20",
    "quantity": 303,
    "price": 222.77,
    "side": "SELL",
    "timestamp": "2025-12-07T12:07:38.024499"
  },
  {
    "order_id": 401,
    "client_id": "C2",
    "security_id": "SEC3",
    "quantity": 177,
    "price": 132.83,
    "side": "BUY",
    "timestamp": "2025-12-07T12:06:38.024506"
  },
  {
    "order_id": 402,
    "client_id": "C45",
    "security_id": "SEC10",
    "quantity": 478,
    "price": 244.47,
    "side": "BUY",
    "timestamp": "2025-12-07T12:05:38.024513"
  },
  {
    "order_id": 403,
    "client_id": "C4",
    "security_id": "SEC10",
    "quantity": 242,
    "price": 68.67,
    "side": "BUY",
    "timestamp": "2025-12-07T12:04:38.024519"
  },
  {
    "order_id": 404,
    "client_id": "C36",
    "security_id": "SEC1",
    "quantity": 240,
    "price": 73.71,
    "side": "SELL",
    "timestamp": "2025-12-07T12:03:38.024526"
  },
  {
    "order_id": 405,
    "client_id": "C43",
    "security_id": "SEC19",
    "quantity": 110,
    "price": 128.96,
    "side": "SELL",
    "timestamp": "2025-12-07T12:02:38.024533"
  },
  {
    "order_id": 406,
    "client_id": "C34",
    "security_id": "SEC5",
    "quantity": 411,
    "price": 63.67,
    "side": "BUY",
    "timestamp": "2025-12-07T12:01:38.024539"
  },
  {
    "order_id": 407,
    "client_id": "C19",
    "security_id": "SEC8",
    "quantity": 134,
    "price": 118.1,
    "side": "SELL",
    "timestamp": "2025-12-07T12:00:38.024546"
  },
  {
    "order_id": 408,
    "client_id": "C25",
    "security_id": "SEC14",
    "quantity": 206,
    "price": 116.52,
    "side": "SELL",
    "timestamp": "2025-12-07T11:59:38.024553"
  },
  {
    "order_id": 409,
    "client_id": "C13",
    "security_id": "SEC18",
    "quantity": 103,
    "price": 241.29,
    "side": "SELL",
    "timestamp": "2025-12-07T11:58:38.024560"
  },
  {
    "order_id": 410,
    "client_id": "C20",
    "security_id": "SEC6",
    "quantity": 299,
    "price": 54.39,
    "side": "BUY",
    "timestamp": "2025-12-07T11:57:38.024567"
  },
  {
    "order_id": 411,
    "client_id": "C40",
    "security_id": "SEC15",
    "quantity": 141,
    "price": 111.83,
    "side": "BUY",
    "timestamp": "2025-12-07T11:56:38.024573"
  },
  {
    "order_id": 412,
    "client_id": "C8",
    "security_id": "SEC7",
    "quantity": 367,
    "price": 226.12,
    "side": "BUY",
    "timestamp": "2025-12-07T11:55:38.024582"
  },
  {
    "order_id": 413,
    "client_id": "C50",
    "security_id": "SEC3",
    "quantity": 408,
    "price": 136.01,
    "side": "BUY",
    "timestamp": "2025-12-07T11:54:38.024591"
  },
  {
    "order_id": 414,
    "client_id": "C27",
    "security_id": "SEC1",
    "quantity": 152,
    "price": 151.24,
    "side": "SELL",
    "timestamp": "2025-12-07T11:53:38.024598"
  },
  {
    "order_id": 415,
    "client_id": "C27",
    "security_id": "SEC3",
    "quantity": 327,
    "price": 84.6,
    "side": "BUY",
    "timestamp": "2025-12-07T11:52:38.024604"
  },
  {
    "order_id": 416,
    "client_id": "C1",
    "security_id": "SEC16",
    "quantity": 428,
    "price": 182.48,
    "side": "SELL",
    "timestamp": "2025-12-07T11:51:38.024611"
  },
  {
    "order_id": 417,
    "client_id": "C19",
    "security_id": "SEC6",
    "quantity": 121,
    "price": 142.01,
    "side": "SELL",
    "timestamp": "2025-12-07T11:50:38.024618"
  },
  {
    "order_id": 418,
    "client_id": "C21",
    "security_id": "SEC5",
    "quantity": 244,
    "price": 50.6,
    "side": "SELL",
    "timestamp": "2025-12-07T11:49:38.024625"
  },
  {
    "order_id": 419,
    "client_id": "C36",
    "security_id": "SEC9",
    "quantity": 237,
    "price": 110.49,
    "side": "SELL",
    "timestamp": "2025-12-07T11:48:38.024632"
  },
  {
    "order_id": 420,
    "client_id": "C17",
    "security_id": "SEC5",
    "quantity": 172,
    "price": 110.38,
    "side": "SELL",
    "timestamp": "2025-12-07T11:47:38.024638"
  },
  {
    "order_id": 421,
    "client_id": "C19",
    "security_id": "SEC18",
    "quantity": 166,
    "price": 209.68,
    "side": "SELL",
    "timestamp": "2025-12-07T11:46:38.024645"
  },
  {
    "order_id": 422,
    "client_id": "C20",
    "security_id": "SEC11",
    "quantity": 303,
    "price": 75.4,
    "side": "BUY",
    "timestamp": "2025-12-07T11:45:38.024651"
  },
  {
    "order_id": 423,
    "client_id": "C11",
    "security_id": "SEC1",
    "quantity": 157,
    "price": 194.63,
    "side": "SELL",
    "timestamp": "2025-12-07T11:44:38.024658"
  },
  {
    "order_id": 424,
    "client_id": "C30",
    "security_id": "SEC20",
    "quantity": 46,
    "price": 179.84,
    "side": "BUY",
    "timestamp": "2025-12-07T11:43:38.024665"
  },
  {
    "order_id": 425,
    "client_id": "C25",
    "security_id": "SEC6",
    "quantity": 317,
    "price": 243.21,
    "side": "SELL",
    "timestamp": "2025-12-07T11:42:38.024673"
  },
  {
    "order_id": 426,
    "client_id": "C3",
    "security_id": "SEC18",
    "quantity": 33,
    "price": 66.19,
    "side": "BUY",
    "timestamp": "2025-12-07T11:41:38.024680"
  },
  {
    "order_id": 427,
    "client_id": "C39",
    "security_id": "SEC9",
    "quantity": 379,
    "price": 190.27,
    "side": "BUY",
    "timestamp": "2025-12-07T11:40:38.024686"
  },
  {
    "order_id": 428,
    "client_id": "C30",
    "security_id": "SEC3",
    "quantity": 279,
    "price": 174.25,
    "side": "BUY",
    "timestamp": "2025-12-07T11:39:38.024693"
  },
  {
    "order_id": 429,
    "client_id": "C27",
    "security_id": "SEC12",
    "quantity": 256,
    "price": 182.71,
    "side": "BUY",
    "timestamp": "2025-12-07T11:38:38.024700"
  },
  {
    "order_id": 430,
    "client_id": "C40",
    "security_id": "SEC11",
    "quantity": 262,
    "price": 133.34,
    "side": "BUY",
    "timestamp": "2025-12-07T11:37:38.024706"
  },
  {
    "order_id": 431,
    "client_id": "C11",
    "security_id": "SEC17",
    "quantity": 163,
    "price": 230.88,
    "side": "SELL",
    "timestamp": "2025-12-07T11:36:38.024713"
  },
  {
    "order_id": 432,
    "client_id": "C45",
    "security_id": "SEC15",
    "quantity": 252,
    "price": 129.26,
    "side": "SELL",
    "timestamp": "2025-12-07T11:35:38.024721"
  },
  {
    "order_id": 433,
    "client_id": "C30",
    "security_id": "SEC10",
    "quantity": 319,
    "price": 125.17,
    "side": "SELL",
    "timestamp": "2025-12-07T11:34:38.024728"
  },
  {
    "order_id": 434,
    "client_id": "C50",
    "security_id": "SEC8",
    "quantity": 365,
    "price": 211.92,
    "side": "SELL",
    "timestamp": "2025-12-07T11:33:38.024737"
  },
  {
    "order_id": 435,
    "client_id": "C34",
    "security_id": "SEC4",
    "quantity": 348,
    "price": 225.66,
    "side": "BUY",
    "timestamp": "2025-12-07T11:32:38.024743"
  },
  {
    "order_id": 436,
    "client_id": "C36",
    "security_id": "SEC17",
    "quantity": 44,
    "price": 199.87,
    "side": "BUY",
    "timestamp": "2025-12-07T11:31:38.024750"
  },
  {
    "order_id": 437,
    "client_id": "C43",
    "security_id": "SEC1",
    "quantity": 361,
    "price": 223.23,
    "side": "SELL",
    "timestamp": "2025-12-07T11:30:38.024757"
  },
  {
    "order_id": 438,
    "client_id": "C49",
    "security_id": "SEC14",
    "quantity": 396,
    "price": 211.42,
    "side": "SELL",
    "timestamp": "2025-12-07T11:29:38.024763"
  },
  {
    "order_id": 439,
    "client_id": "C43",
    "security_id": "SEC10",
    "quantity": 194,
    "price": 70.22,
    "side": "BUY",
    "timestamp": "2025-12-07T11:28:38.024770"
  },
  {
    "order_id": 440,
    "client_id": "C48",
    "security_id": "SEC10",
    "quantity": 216,
    "price": 132.3,
    "side": "BUY",
    "timestamp": "2025-12-07T11:27:38.024777"
  },
  {
    "order_id": 441,
    "client_id": "C40",
    "security_id": "SEC19",
    "quantity": 351,
    "price": 162.0,
    "side": "SELL",
    "timestamp": "2025-12-07T11:26:38.024783"
  },
  {
    "order_id": 442,
    "client_id": "C40",
    "security_id": "SEC12",
    "quantity": 92,
    "price": 224.61,
    "side": "SELL",
    "timestamp": "2025-12-07T11:25:38.024790"
  },
  {
    "order_id": 443,
    "client_id": "C23",
    "security_id": "SEC18",
    "quantity": 350,
    "price": 147.96,
    "side": "BUY",
    "timestamp": "2025-12-07T11:24:38.024797"
  },
  {
    "order_id": 444,
    "client_id": "C3",
    "security_id": "SEC16",
    "quantity": 475,
    "price": 58.23,
    "side": "SELL",
    "timestamp": "2025-12-07T11:23:38.024804"
  },
  {
    "order_id": 445,
    "client_id": "C20",
    "security_id": "SEC6",
    "quantity": 472,
    "price": 182.51,
    "side": "SELL",
    "timestamp": "2025-12-07T11:22:38.024810"
  },
  {
    "order_id": 446,
    "client_id": "C39",
    "security_id": "SEC5",
    "quantity": 109,
    "price": 101.29,
    "side": "BUY",
    "timestamp": "2025-12-07T11:21:38.024817"
  },
  {
    "order_id": 447,
    "client_id": "C34",
    "security_id": "SEC5",
    "quantity": 342,
    "price": 175.91,
    "side": "BUY",
    "timestamp": "2025-12-07T11:20:38.024824"
  },
  {
    "order_id": 448,
    "client_id": "C18",
    "security_id": "SEC17",
    "quantity": 479,
    "price": 69.26,
    "side": "BUY",
    "timestamp": "2025-12-07T11:19:38.024831"
  },
  {
    "order_id": 449,
    "client_id": "C17",
    "security_id": "SEC18",
    "quantity": 176,
    "price": 143.65,
    "side": "BUY",
    "timestamp": "2025-12-07T11:18:38.024837"
  },
  {
    "order_id": 450,
    "client_id": "C27",
    "security_id": "SEC3",
    "quantity": 152,
    "price": 139.34,
    "side": "SELL",
    "timestamp": "2025-12-07T11:17:38.024844"
  },
  {
    "order_id": 451,
    "client_id": "C4",
    "security_id": "SEC18",
    "quantity": 475,
    "price": 114.48,
    "side": "BUY",
    "timestamp": "2025-12-07T11:16:38.024853"
  },
  {
    "order_id": 452,
    "client_id": "C26",
    "security_id": "SEC15",
    "quantity": 152,
    "price": 119.29,
    "side": "SELL",
    "timestamp": "2025-12-07T11:15:38.024859"
  },
  {
    "order_id": 453,
    "client_id": "C33",
    "security_id": "SEC4",
    "quantity": 92,
    "price": 129.23,
    "side": "BUY",
    "timestamp": "2025-12-07T11:14:38.024866"
  },
  {
    "order_id": 454,
    "client_id": "C40",
    "security_id": "SEC16",
    "quantity": 236,
    "price": 129.45,
    "side": "BUY",
    "timestamp": "2025-12-07T11:13:38.024873"
  },
  {
    "order_id": 455,
    "client_id": "C41",
    "security_id": "SEC4",
    "quantity": 304,
    "price": 230.83,
    "side": "SELL",
    "timestamp": "2025-12-07T11:12:38.024879"
  },
  {
    "order_id": 456,
    "client_id": "C3",
    "security_id": "SEC13",
    "quantity": 391,
    "price": 58.71,
    "side": "BUY",
    "timestamp": "2025-12-07T11:11:38.024886"
  },
  {
    "order_id": 457,
    "client_id": "C20",
    "security_id": "SEC9",
    "quantity": 286,
    "price": 232.82,
    "side": "BUY",
    "timestamp": "2025-12-07T11:10:38.024893"
  },
  {
    "order_id": 458,
    "client_id": "C33",
    "security_id": "SEC6",
    "quantity": 39,
    "price": 71.22,
    "side": "BUY",
    "timestamp": "2025-12-07T11:09:38.024900"
  },
  {
    "order_id": 459,
    "client_id": "C3",
    "security_id": "SEC1",
    "quantity": 428,
    "price": 69.67,
    "side": "BUY",
    "timestamp": "2025-12-07T11:08:38.024907"
  },
  {
    "order_id": 460,
    "client_id": "C38",
    "security_id": "SEC9",
    "quantity": 437,
    "price": 222.97,
    "side": "BUY",
    "timestamp": "2025-12-07T11:07:38.024914"
  },
  {
    "order_id": 461,
    "client_id": "C43",
    "security_id": "SEC19",
    "quantity": 414,
    "price": 129.49,
    "side": "BUY",
    "timestamp": "2025-12-07T11:06:38.024921"
  },
  {
    "order_id": 462,
    "client_id": "C32",
    "security_id": "SEC9",
    "quantity": 68,
    "price": 134.73,
    "side": "BUY",
    "timestamp": "2025-12-07T11:05:38.024928"
  },
  {
    "order_id": 463,
    "client_id": "C28",
    "security_id": "SEC16",
    "quantity": 409,
    "price": 187.29,
    "side": "BUY",
    "timestamp": "2025-12-07T11:04:38.024935"
  },
  {
    "order_id": 464,
    "client_id": "C36",
    "security_id": "SEC6",
    "quantity": 224,
    "price": 232.35,
    "side": "SELL",
    "timestamp": "2025-12-07T11:03:38.024944"
  },
  {
    "order_id": 465,
    "client_id": "C14",
    "security_id": "SEC8",
    "quantity": 280,
    "price": 119.46,
    "side": "SELL",
    "timestamp": "2025-12-07T11:02:38.024951"
  },
  {
    "order_id": 466,
    "client_id": "C31",
    "security_id": "SEC19",
    "quantity": 456,
    "price": 112.22,
    "side": "SELL",
    "timestamp": "2025-12-07T11:01:38.024958"
  },
  {
    "order_id": 467,
    "client_id": "C25",
    "security_id": "SEC17",
    "quantity": 110,
    "price": 144.28,
    "side": "SELL",
    "timestamp": "2025-12-07T11:00:38.024973"
  },
  {
    "order_id": 468,
    "client_id": "C20",
    "security_id": "SEC3",
    "quantity": 135,
    "price": 63.16,
    "side": "BUY",
    "timestamp": "2025-12-07T10:59:38.024981"
  },
  {
    "order_id": 469,
    "client_id": "C17",
    "security_id": "SEC1",
    "quantity": 131,
    "price": 119.38,
    "side": "SELL",
    "timestamp": "2025-12-07T10:58:38.024988"
  },
  {
    "order_id": 470,
    "client_id": "C46",
    "security_id": "SEC16",
    "quantity": 399,
    "price": 246.87,
    "side": "SELL",
    "timestamp": "2025-12-07T10:57:38.024994"
  },
  {
    "order_id": 471,
    "client_id": "C4",
    "security_id": "SEC14",
    "quantity": 477,
    "price": 165.2,
    "side": "SELL",
    "timestamp": "2025-12-07T10:56:38.025003"
  },
  {
    "order_id": 472,
    "client_id": "C17",
    "security_id": "SEC10",
    "quantity": 174,
    "price": 110.88,
    "side": "BUY",
    "timestamp": "2025-12-07T10:55:38.025010"
  },
  {
    "order_id": 473,
    "client_id": "C10",
    "security_id": "SEC14",
    "quantity": 299,
    "price": 89.03,
    "side": "SELL",
    "timestamp": "2025-12-07T10:54:38.025017"
  },
  {
    "order_id": 474,
    "client_id": "C36",
    "security_id": "SEC1",
    "quantity": 244,
    "price": 194.61,
    "side": "SELL",
    "timestamp": "2025-12-07T10:53:38.025023"
  },
  {
    "order_id": 475,
    "client_id": "C6",
    "security_id": "SEC17",
    "quantity": 391,
    "price": 185.35,
    "side": "BUY",
    "timestamp": "2025-12-07T10:52:38.025030"
  },
  {
    "order_id": 476,
    "client_id": "C13",
    "security_id": "SEC2",
    "quantity": 28,
    "price": 174.78,
    "side": "SELL",
    "timestamp": "2025-12-07T10:51:38.025038"
  },
  {
    "order_id": 477,
    "client_id": "C15",
    "security_id": "SEC13",
    "quantity": 419,
    "price": 130.23,
    "side": "BUY",
    "timestamp": "2025-12-07T10:50:38.025045"
  },
  {
    "order_id": 478,
    "client_id": "C41",
    "security_id": "SEC1",
    "quantity": 289,
    "price": 130.01,
    "side": "SELL",
    "timestamp": "2025-12-07T10:49:38.025052"
  },
  {
    "order_id": 479,
    "client_id": "C2",
    "security_id": "SEC15",
    "quantity": 445,
    "price": 65.73,
    "side": "BUY",
    "timestamp": "2025-12-07T10:48:38.025059"
  },
  {
    "order_id": 480,
    "client_id": "C3",
    "security_id": "SEC15",
    "quantity": 88,
    "price": 90.87,
    "side": "BUY",
    "timestamp": "2025-12-07T10:47:38.025066"
  },
  {
    "order_id": 481,
    "client_id": "C34",
    "security_id": "SEC16",
    "quantity": 111,
    "price": 240.62,
    "side": "SELL",
    "timestamp": "2025-12-07T10:46:38.025073"
  },
  {
    "order_id": 482,
    "client_id": "C5",
    "security_id": "SEC13",
    "quantity": 468,
    "price": 104.66,
    "side": "BUY",
    "timestamp": "2025-12-07T10:45:38.025079"
  },
  {
    "order_id": 483,
    "client_id": "C25",
    "security_id": "SEC8",
    "quantity": 130,
    "price": 105.83,
    "side": "BUY",
    "timestamp": "2025-12-07T10:44:38.025086"
  },
  {
    "order_id": 484,
    "client_id": "C34",
    "security_id": "SEC19",
    "quantity": 130,
    "price": 67.87,
    "side": "SELL",
    "timestamp": "2025-12-07T10:43:38.025093"
  },
  {
    "order_id": 485,
    "client_id": "C50",
    "security_id": "SEC8",
    "quantity": 235,
    "price": 150.28,
    "side": "SELL",
    "timestamp": "2025-12-07T10:42:38.025099"
  },
  {
    "order_id": 486,
    "client_id": "C42",
    "security_id": "SEC16",
    "quantity": 87,
    "price": 103.33,
    "side": "SELL",
    "timestamp": "2025-12-07T10:41:38.025106"
  },
  {
    "order_id": 487,
    "client_id": "C23",
    "security_id": "SEC8",
    "quantity": 354,
    "price": 168.23,
    "side": "BUY",
    "timestamp": "2025-12-07T10:40:38.025113"
  },
  {
    "order_id": 488,
    "client_id": "C2",
    "security_id": "SEC19",
    "quantity": 451,
    "price": 74.77,
    "side": "SELL",
    "timestamp": "2025-12-07T10:39:38.025119"
  },
  {
    "order_id": 489,
    "client_id": "C33",
    "security_id": "SEC8",
    "quantity": 325,
    "price": 186.81,
    "side": "BUY",
    "timestamp": "2025-12-07T10:38:38.025126"
  },
  {
    "order_id": 490,
    "client_id": "C40",
    "security_id": "SEC9",
    "quantity": 28,
    "price": 149.73,
    "side": "BUY",
    "timestamp": "2025-12-07T10:37:38.025136"
  },
  {
    "order_id": 491,
    "client_id": "C28",
    "security_id": "SEC4",
    "quantity": 365,
    "price": 183.34,
    "side": "BUY",
    "timestamp": "2025-12-07T10:36:38.025143"
  },
  {
    "order_id": 492,
    "client_id": "C21",
    "security_id": "SEC18",
    "quantity": 321,
    "price": 170.12,
    "side": "BUY",
    "timestamp": "2025-12-07T10:35:38.025150"
  },
  {
    "order_id": 493,
    "client_id": "C44",
    "security_id": "SEC9",
    "quantity": 140,
    "price": 235.39,
    "side": "BUY",
    "timestamp": "2025-12-07T10:34:38.025157"
  },
  {
    "order_id": 494,
    "client_id": "C29",
    "security_id": "SEC17",
    "quantity": 434,
    "price": 99.98,
    "side": "BUY",
    "timestamp": "2025-12-07T10:33:38.025163"
  },
  {
    "order_id": 495,
    "client_id": "C42",
    "security_id": "SEC16",
    "quantity": 114,
    "price": 122.6,
    "side": "BUY",
    "timestamp": "2025-12-07T10:32:38.025170"
  },
  {
    "order_id": 496,
    "client_id": "C18",
    "security_id": "SEC20",
    "quantity": 165,
    "price": 240.58,
    "side": "BUY",
    "timestamp": "2025-12-07T10:31:38.025177"
  },
  {
    "order_id": 497,
    "client_id": "C6",
    "security_id": "SEC7",
    "quantity": 161,
    "price": 198.12,
    "side": "SELL",
    "timestamp": "2025-12-07T10:30:38.025191"
  },
  {
    "order_id": 498,
    "client_id": "C9",
    "security_id": "SEC10",
    "quantity": 214,
    "price": 233.85,
    "side": "BUY",
    "timestamp": "2025-12-07T10:29:38.025200"
  },
  {
    "order_id": 499,
    "client_id": "C35",
    "security_id": "SEC10",
    "quantity": 185,
    "price": 157.42,
    "side": "BUY",
    "timestamp": "2025-12-07T10:28:38.025206"
  },
  {
    "order_id": 500,
    "client_id": "C16",
    "security_id": "SEC13",
    "quantity": 26,
    "price": 224.1,
    "side": "BUY",
    "timestamp": "2025-12-07T10:27:38.025213"
  },
  {
    "order_id": 501,
    "client_id": "C34",
    "security_id": "SEC2",
    "quantity": 40,
    "price": 191.89,
    "side": "SELL",
    "timestamp": "2025-12-07T10:26:38.025220"
  },
  {
    "order_id": 502,
    "client_id": "C19",
    "security_id": "SEC16",
    "quantity": 449,
    "price": 206.08,
    "side": "SELL",
    "timestamp": "2025-12-07T10:25:38.025226"
  },
  {
    "order_id": 503,
    "client_id": "C19",
    "security_id": "SEC9",
    "quantity": 366,
    "price": 76.58,
    "side": "SELL",
    "timestamp": "2025-12-07T10:24:38.025233"
  },
  {
    "order_id": 504,
    "client_id": "C27",
    "security_id": "SEC9",
    "quantity": 169,
    "price": 214.38,
    "side": "SELL",
    "timestamp": "2025-12-07T10:23:38.025241"
  },
  {
    "order_id": 505,
    "client_id": "C5",
    "security_id": "SEC15",
    "quantity": 261,
    "price": 234.17,
    "side": "BUY",
    "timestamp": "2025-12-07T10:22:38.025247"
  },
  {
    "order_id": 506,
    "client_id": "C15",
    "security_id": "SEC16",
    "quantity": 457,
    "price": 69.52,
    "side": "SELL",
    "timestamp": "2025-12-07T10:21:38.025254"
  },
  {
    "order_id": 507,
    "client_id": "C11",
    "security_id": "SEC14",
    "quantity": 113,
    "price": 77.67,
    "side": "BUY",
    "timestamp": "2025-12-07T10:20:38.025261"
  },
  {
    "order_id": 508,
    "client_id": "C37",
    "security_id": "SEC14",
    "quantity": 219,
    "price": 228.07,
    "side": "SELL",
    "timestamp": "2025-12-07T10:19:38.025267"
  },
  {
    "order_id": 509,
    "client_id": "C23",
    "security_id": "SEC9",
    "quantity": 56,
    "price": 158.99,
    "side": "SELL",
    "timestamp": "2025-12-07T10:18:38.025274"
  },
  {
    "order_id": 510,
    "client_id": "C9",
    "security_id": "SEC13",
    "quantity": 346,
    "price": 72.78,
    "side": "SELL",
    "timestamp": "2025-12-07T10:17:38.025283"
  },
  {
    "order_id": 511,
    "client_id": "C17",
    "security_id": "SEC14",
    "quantity": 264,
    "price": 113.29,
    "side": "BUY",
    "timestamp": "2025-12-07T10:16:38.025290"
  },
  {
    "order_id": 512,
    "client_id": "C42",
    "security_id": "SEC18",
    "quantity": 314,
    "price": 55.98,
    "side": "SELL",
    "timestamp": "2025-12-07T10:15:38.025297"
  },
  {
    "order_id": 513,
    "client_id": "C35",
    "security_id": "SEC18",
    "quantity": 140,
    "price": 73.7,
    "side": "SELL",
    "timestamp": "2025-12-07T10:14:38.025303"
  },
  {
    "order_id": 514,
    "client_id": "C28",
    "security_id": "SEC12",
    "quantity": 177,
    "price": 170.76,
    "side": "BUY",
    "timestamp": "2025-12-07T10:13:38.025310"
  },
  {
    "order_id": 515,
    "client_id": "C48",
    "security_id": "SEC19",
    "quantity": 488,
    "price": 67.68,
    "side": "SELL",
    "timestamp": "2025-12-07T10:12:38.025319"
  },
  {
    "order_id": 516,
    "client_id": "C24",
    "security_id": "SEC6",
    "quantity": 338,
    "price": 128.76,
    "side": "SELL",
    "timestamp": "2025-12-07T10:11:38.025325"
  },
  {
    "order_id": 517,
    "client_id": "C38",
    "security_id": "SEC12",
    "quantity": 22,
    "price": 188.69,
    "side": "BUY",
    "timestamp": "2025-12-07T10:10:38.025332"
  },
  {
    "order_id": 518,
    "client_id": "C27",
    "security_id": "SEC8",
    "quantity": 213,
    "price": 209.63,
    "side": "BUY",
    "timestamp": "2025-12-07T10:09:38.025339"
  },
  {
    "order_id": 519,
    "client_id": "C43",
    "security_id": "SEC13",
    "quantity": 210,
    "price": 135.99,
    "side": "SELL",
    "timestamp": "2025-12-07T10:08:38.025346"
  },
  {
    "order_id": 520,
    "client_id": "C6",
    "security_id": "SEC8",
    "quantity": 64,
    "price": 240.41,
    "side": "SELL",
    "timestamp": "2025-12-07T10:07:38.025352"
  },
  {
    "order_id": 521,
    "client_id": "C43",
    "security_id": "SEC15",
    "quantity": 325,
    "price": 132.55,
    "side": "SELL",
    "timestamp": "2025-12-07T10:06:38.025359"
  },
  {
    "order_id": 522,
    "client_id": "C48",
    "security_id": "SEC5",
    "quantity": 61,
    "price": 158.79,
    "side": "SELL",
    "timestamp": "2025-12-07T10:05:38.025366"
  },
  {
    "order_id": 523,
    "client_id": "C43",
    "security_id": "SEC6",
    "quantity": 346,
    "price": 210.46,
    "side": "BUY",
    "timestamp": "2025-12-07T10:04:38.025373"
  },
  {
    "order_id": 524,
    "client_id": "C32",
    "security_id": "SEC12",
    "quantity": 261,
    "price": 196.47,
    "side": "SELL",
    "timestamp": "2025-12-07T10:03:38.025379"
  },
  {
    "order_id": 525,
    "client_id": "C1",
    "security_id": "SEC7",
    "quantity": 222,
    "price": 63.75,
    "side": "BUY",
    "timestamp": "2025-12-07T10:02:38.025386"
  },
  {
    "order_id": 526,
    "client_id": "C32",
    "security_id": "SEC16",
    "quantity": 251,
    "price": 60.66,
    "side": "SELL",
    "timestamp": "2025-12-07T10:01:38.025393"
  },
  {
    "order_id": 527,
    "client_id": "C23",
    "security_id": "SEC2",
    "quantity": 271,
    "price": 221.44,
    "side": "SELL",
    "timestamp": "2025-12-07T10:00:38.025400"
  },
  {
    "order_id": 528,
    "client_id": "C10",
    "security_id": "SEC18",
    "quantity": 63,
    "price": 142.37,
    "side": "BUY",
    "timestamp": "2025-12-07T09:59:38.025416"
  },
  {
    "order_id": 529,
    "client_id": "C26",
    "security_id": "SEC13",
    "quantity": 87,
    "price": 50.39,
    "side": "SELL",
    "timestamp": "2025-12-07T09:58:38.025425"
  },
  {
    "order_id": 530,
    "client_id": "C27",
    "security_id": "SEC12",
    "quantity": 387,
    "price": 206.77,
    "side": "BUY",
    "timestamp": "2025-12-07T09:57:38.025432"
  },
  {
    "order_id": 531,
    "client_id": "C16",
    "security_id": "SEC20",
    "quantity": 44,
    "price": 220.99,
    "side": "SELL",
    "timestamp": "2025-12-07T09:56:38.025439"
  },
  {
    "order_id": 532,
    "client_id": "C1",
